1845 2968
380 162 475 201 XXX

379 244 628 298 leguminoso
646 258 659 294 ;
689 244 728 284 in
753 240 961 284 undecima
977 237 1126 280 eaedem
1140 252 1221 280 non
1242 241 1525 295 papilionaceae
1550 238 1617 282 sed
1634 234 1823 298 Asiam-ala:

376 311 666 362 multiformes,
691 324 771 350 non
799 309 910 348 aliter
942 306 1187 347 definiendae.
1211 306 1466 361 simplicibus
1484 307 1716 362 compofitae
1736 307 1824 348 suc·

376 379 519 419 cedunt
549 379 712 419 corollae
727 407 738 426 ,
763 379 801 415 in
831 376 953 415 calice
984 373 1186 414 communi
1210 373 1340 427 plures
1370 386 1588 429 aggregatae
1609 375 1652 414 &
1674 388 1822 416 mono-

373 447 537 498 petalae,
554 446 716 498 germini
741 445 908 496 proprio
935 441 1144 483 insidentes
1168 441 1283 495 supra
1312 443 1527 484 thalamum
1549 444 1618 484 seu
1641 454 1822 496 recepta-

374 513 509 553 culum
529 525 739 552 commune
759 525 772 559 3
789 518 892 549 nunc
911 511 950 549 in
975 509 1088 549 claffe
1109 509 1344 549 duodecima
1367 522 1506 551 omnes
1526 509 1734 564 Floftulosae
1756 509 1823 550 seu

371 582 570 621 tubulosae
595 581 718 618 limbo
747 577 1030 631 quinquefid03
1058 590 1161 617 nunc
1188 577 1227 616 in
1253 577 1406 617 decima
1424 579 1541 618 tertia
1556 591 1695 619 ornnes
1710 578 1823 630 Ligu·

370 653 451 688 lata:
473 648 539 688 seu
563 645 757 687 tubulosae
782 645 824 684 ὃ(
840 645 953 698 apice
974 644 1063 684 hinc
1089 644 1205 690 fiffae,
1229 644 1322 684 inde
1347 644 1386 683 in
1408 644 1568 697 ligulam
1590 644 1819 699 ριόἀυᾶἧες

367 729 470 756 nunc
496 715 656 756 demum
678 715 716 753 in
740 712 894 754 decima⁴
923 711 1064 765 quarta
1088 714 1277 760 Radiatae,
1305 712 1344 751 id
1368 712 1424 752 est
1440 742 1452 760 ,
1467 712 1659 752 centralae
1673 710 1820 752 floscu-

365 783 456 822 101*ae
471 812 483 830 ,
515 780 749 835 marginales
774 779 948 832 ligulatae
969 780 1124 819 radium
1150 778 1447 819 constituentes.
1464 775 1639 818 Subeunt
1656 777 1819 832 posthac

363 848 570 901 Apetalae‚
607 848 694 887 aliae
724 847 764 886 in
800 846 954 886 decima
984 845 1123 898 quinta
1155 845 1268 885 claffe
1290 847 1476 884 Stamiueae
1507 845 1608 885 flore
1638 843 1820 894 (calix&

362 915 544 965 stamina)
573 914 614 954 &
641 914 770 953 fruc‘lu
798 913 992 953 instruc'lae
1009 944 1021 962 ‚
1053 913 1141 952 aliae
1171 913 1211 951 in
1227 913 1381 952 decima
1409 911 1516 952 sexta
1534 912 1641 950 Flore
1661 923 1819 951 carentes

359 995 443 1022 non
466 982 636 1028 semine,
667 982 754 1022 aliae
781 982 819 1020 iri
845 981 999 1021 decima
1032 981 1195 1033 septima
1224 982 1328 1019 Flore
1350 981 1385 1019 6¹
1399 980 1523 1032 fruezu
1538 992 1708 1018 carentes.
1729 979 1815 1018 Ar-

357 1051 478 1091 bores
501 1051 708 1090 fruticibus
723 1049 861 1101 junctae
882 1049 970 1088 sunt
992 1049 1031 1087 in
1056 1048 1207 1088 decima
1235 1048 1380 1087 06}an
1400 1047 1562 1100 apetalae
1591 1046 1818 1100 {impliciter

356 1119 544 1158 Stamineae
560 1149 571 1167 ‚
599 1118 638 1157 in
665 1116 819 1157 decima
854 1116 961 1155 nona
992 1116 1157 1169 apetalae
1187 1118 1410 1156 Amentaceoe
1429 1116 1597 1155 floribus
1618 1114 1815 1155 stamineis

355 1186 398 1224 δε
424 1185 617 1239 praeterea
645 1185 763 1224 instar
791 1184 927 1224 caudae
952 1183 1082 1224 felinae
1111 1184 1228 1237 supra
1251 1194 1448 1224 amentum
1475 1182 1543 1224 seu
1564 1183 1672 1223 axim
1698 1195 1814 1222 com-

354 1266 513 1294 munem
546 1253 702 1306 spicatis
717 1283 729 1301 ‚
760 1253 801 1291 in
828 1251 1018 1304 vigesima
1044 1252 1282 1303 Monopetalae
1298 1281 1310 1299 ,
1325 1252 1365 1290 in
1389 1250 1579 1303 vigesima
1594 1249 1722 1303 prima
1740 1261 1813 1303 po⁸

352 1321 539 1373 lypetalae
556 1321 723 1373 Rofiaceae
741 1320 963 1371 regulares,
980 1319 1020 1357 in
1041 1317 1230 1370 vigesima
1256 1318 1426 1358 secunda
1446 1317 1688 1371 polypetalae
1709 1317 1809 1357 irre-

352 1387 506 1439 gulares
532 1388 810 1439 Papilionaceae.
850 1385 1035 1425 Claffium
1075 1384 1262 1425 seffiones
1299 1384 1545 1437 designantur
1582 1395 1686 1424 nunc
1722 1383 1810 1437 ipsa

349 1454 515 1494 corollae
532 1453 661 1493 formzi
671 1463 737 1492 aut
752 1452 896 1491 florum
912 1451 1168 1504 dispositione
1182 1463 1250 1492 aut
1266 1452 1392 1492 rarius
1405 1453 1628 1506 plantarum
1645 1452 1800 1502 habitu,

348 1534 451 1561 nunc
482 1521 623 1575 saepius
658 1520 785 1560 fruetu
814 1519 958 1573 supero
987 1530 1055 1558 aut
1080 1518 1209 1559 infero
1225 1530 1243 1569 ‚⁴
1268 1519 1434 1572 simplici
1466 1531 1536 1561 aut
1560 1521 1770 1576 multiplici
1788 1549 1801 1572 ,
1831 1545 1834 1547 —

348 1590 514 1629 baccato
551 1599 618 1628 aut
649 1587 868 1642 capsulari,
901 1587 970 1628 uni
995 1597 1063 1627 aut
1095 1587 1404 1636 multiloculari,
1433 1600 1559 1628 mono
1587 1599 1656 1629 aut
1683 1589 1803 1644 poly-

347 1657 516 1709 spermo.

398 1723 460 1763 Sic
495 1719 698 1776 perficitur
730 1721 942 1762 methodus
970 1720 1178 1773 principiis
1200 1721 1440 1775 simplicibus
1467 1723 1509 1762 δε
1534 1723 1651 1777 fignis
1675 1724 1804 1764 mani-⁶

343 1789 447 1829 festis
466 1790 598 1829 innixa
613 1820 624 1837 ‚
651 1790 821 1841 ideoque
844 1787 951 1827 facili
972 1788 1193 1840 plantarum
1215 1788 1458 1829 ordinationi
1481 1801 1526 1830 ac
1553 1790 1682 1830 studio
1702 1803 1801 1830 con·

342 1857 486 1896 ducens
509 1886 523 1902 ,
563 1857 846 1908 nonnunquam
886 1855 1033 1908 absque
1072 1856 1309 1908 exceptione
1343 1867 1521 1896 naturam
1555 1856 1764 1898 collimans
1789 1888 1803 1909 ‚

338 1923 506 1964 admissis
533 1924 573 1963 in
602 1924 772 1964 claffium
801 1936 970 1964 numero
1000 1924 1209 1963 ordinibus
1237 1924 1334 1964 vere
1361 1924 1632 1973 naturalibus,
1664 1925 1800 1978 quales

339 2001 474 2031 extant
495 1991 668 2031 Labiatae
686 2022 697 2039 ,
716 1990 991 2031 Cruciformes
1003 2021 1014 2038 ,
1030 1989 1302 2030 Umbeliiferae
1315 2021 1329 2036 ,
1345 1990 1652 2043 Papilionaceae‚
1669 1990 1799 2032 Com-

338 2057 475 2110 positae
503 2058 579 2099 διε.
600 2088 613 2104 ,
641 2059 823 2111 pluribus
856 2058 976 2097 etiam
1007 2057 1197 2098 sefflones
1230 2058 1395 2097 aliarum
1425 2056 1596 2098 claffium
1626 2059 1797 2112 integras

335 2126 672 2167 constituentibus,
715 2126 791 2166 Sed
833 2139 878 2165 ea
921 2126 1078 2166 caeteris
1120 2125 1334 2176 simplicior
1360 2152 1373 2173 ,
1415 2120 1576 2170 aliunde
1627 2127 1794 2166 vitiatur
1823 2160 1827 2164 .

340 2202 391 2230 10.
423 2195 546 2245 prava
573 2194 782 2234 herbarum
806 2192 848 2231 &
872 2191 1063 2231 arborum
1081 2191 1329 2230 distinctione
1354 2192 1471 2231 nullis
1492 2191 1794 2246 circumscripta

332 2261 452 2298 certis
485 2260 706 2308 limitibus,
737 2259 870 2298 affinia
897 2258 1149 2310 disjungente
1183 2270 1329 2310 genera
1361 2260 1401 2298 in
1430 2258 1646 2309 Rosaceis,
1671 2259 1792 2312 Papi-

332 2326 522 2366 lionaceis
537 2357 550 2372 ‚
581 2326 825 2380 Compositis
837 2356 848 2373 ,
877 2325 898 2364 s
897 2327 1027 2377 pecies
1044 2325 1290 2378 disgregante
1310 2337 1554 2379 congeneres
1571 2327 1612 2366 in
1626 2326 1789 2376 Aralifi,

333 2392 540 2445 Buplevro
556 2424 568 2438 ‚
599 2394 726 2433 Salice
745 2423 756 2441 ‚
781 2392 925 2441 Rubo,
958 2392 1114 2432 Datura
1130 2425 1141 2442 ,
1161 2392 1380 2434 Senecione
1397 2421 1410 2441 ‚
1432 2392 1620 2442 Gemite,
1653 2392 1790 2434 Coro·

333 2461 425 2499 nilla
468 2460 628 2513 aliisque
668 2460 908 2502 benemultis
943 2461 1156 2512 generibus
1193 2462 1334 2514 partim
1373 2460 1607 2516 herbaceis,
1641 2460 1785 2513 partim

333 2528 512 2568 arboreis
528 2527 897 2577 frutescentibusve,
914 2541 999 2580 quae
1021 2540 1152 2568 tamen
1170 2528 1428 2572 diffimulante
1448 2527 1636 2567 methodo
1653 2526 1786 2568 herbis

333 2605 399 2634 aut
423 2595 632 2636 arboribus
655 2597 823 2636 indivisa
850 2595 1068 2644 adduntiir3
1103 2607 1159 2636 2⁰.
1185 2597 1439 2637 ordinatione
1461 2594 1654 2635 interdum
1677 2594 1781 2647 vage

333 2662 528 2714 designata
553 2662 594 2702 δι
619 2676 699 2703 non
720 2664 867 2717 semper
887 2663 1105 2715 uniformi,
1130 2664 1223 2707 ditm
1248 2662 1370 2706 claffis
1391 2676 1468 2705 una
1488 2663 1590 2705 inter
1610 2663 1782 2717 apetalas
