1845 2968
356 163 420 207 Xl)

354 238 473 290 glum
500 238 541 278 in
554 237 781 279 Gramineis
801 236 914 278 caiici
942 236 1116 277 exterior
1143 237 1186 277 ὅ(
1205 238 1424 279 conformis
1438 267 1454 285 ,
1476 238 1577 293 saepe
1588 236 1803 286 bivalvis;

352 306 485 358 spatha
506 306 544 346 in
570 307 753 346 Liliaceis
780 307 821 346 &
845 305 1035 358 spadiceis
1061 304 1251 353 floribus,
1282 307 1360 347 basi
1388 306 1619 361 pedicellum
1646 315 1715 346 aut
1738 316 1805 358 pe-

359 373 571 412 dunculum
607 374 795 426 vaginans
825 374 864 413 δι
898 372 1141 424 juniusculos
1169 373 1289 414 flores
1314 373 1608 428 comple&ens‚
1638 371 1806 425 simplex

359 439 450 478 hinc
472 439 552 479 fissa
578 453 644 480 aut
669 439 936 492 mu!tipartita.

411 504 541 545 Floris
570 518 698 557 part-:s
730 505 843 545 ame—:31
872 518 1100 547 memoratae
1125 506 1214 547 sunt
1239 518 1388 560 organa
1407 507 1577 548 sexualia
1598 505 1640 546 δι
1659 517 1803 546 eorum

358 572 625 625 integumenta
650 573 714 612 seu
737 572 957 612 Perianthia
974 603 985 621 ,
1014 575 1100 613 haec
1127 574 1261 614 calicis
1291 574 1332 614 &
1359 574 1545 621 corollae‚
1578 573 1645 613 illa
1674 572 1808 613 stami—

356 651 450 678 num
477 639 515 678 δι
539 639 663 691 pistilli
688 639 916 679 nominibus
939 640 1118 692 insignita
1139 657 1180 688 a,
1201 641 1341 692 quibus
1366 639 1522 692 singulis
1547 639 1613 680 sua
1641 639 1696 680 est
1722 637 1803 679 dis·

355 705 489 744 fimilis
519 718 564 744 ac
595 705 753 746 varians
780 706 965 747 stru&ura
991 707 1032 747 δι
1056 706 1259 761 dispositio
1275 737 1286 756 ‚
1310 718 1476 760 utraque
1499 706 1684 747 attentius
1707 718 1800 760 per-

356 772 570 824 pendenda,

409 837 520 878 Calix
542 869 554 886 ‚
585 839 895 892 integumentum
929 841 1042 882 floris
1070 842 1246 882 exterius
1279 841 1342 881 seu
1372 841 1613 881 Perianthimn
1640 838 1805 892 proprie

354 903 498 944 dietum
514 935 526 953 ‚
554 906 752 946 corticosa
783 908 989 959 pedunculi
1019 908 1167 948 floralis
1193 908 1402 961 produflio
1424 937 1439 953 ‚
1464 907 1557 947 raro
1583 906 1770 947 deficiens
1786 934 1801 954 ‚

355 971 528 1013 sexubus
557 975 725 1014 tutandis
755 976 990 1016 constitutus
1007 1008 1018 1026 ‚
1045 977 1114 1016 sub
1144 977 1287 1030 pistillo
1311 976 1521 1024 exoritur,
1548 987 1652 1014 nunc
1677 972 1807 1014 eidem

352 1040 493 1091 partim
508 1051 575 1079 aut
591 1042 757 1082 omnino
771 1043 981 1083 adnascens
1009 1044 1263 1096 epidermidis
1284 1042 1400 1082 inflat
1418 1073 1429 1091 ‚
1454 1041 1576 1082 limbo
1605 1040 1808 1094 superiore

351 1106 503 1146 tantum
530 1107 659 1148 libero
674 1109 904 1163 semisuperus
928 1124 995 1150 aut
1008 1113 1156 1164 superus
1181 1111 1196 1137 ¹>
1210 1141 1222 1158 ‚
1251 1123 1353 1150 nunc
1372 1111 1422 1150 ab
1443 1119 1588 1150 exortu
1608 1108 1808 1149 distinaus

354 1173 396 1213 &
414 1173 616 1215 discedens
640 1176 773 1227 inferus
794 1193 812 1224 ;
839 1191 934 1218 mox
950 1180 1106 1217 caducus
1132 1190 1274 1231 aperto
1302 1178 1421 1226 flore,
1440 1188 1509 1217 aut
1533 1190 1623 1217 cum
1649 1174 1807 1216 corolla

355 1240 519 1294 posthillc
534 1243 703 1281 deciduus
718 1274 728 1289 ‚
748 1255 817 1283 aut
847 1244 952 1284 ultrz'l
974 1247 1150 1297 perfiflens
1167 1260 1184 1292 ;
1207 1246 1357 1297 fimplex
1371 1277 1382 1294 ‚
1410 1256 1479 1285 aut
1508 1244 1718 1283 caliculatus
1736 1241 1807 1282 seu

353 1309 504 1347 caliculo
529 1309 676 1349 emistus
704 1311 856 1349 extimo
884 1309 983 1362 saepe
1007 1312 1187 1358 minore·‚
1206 1312 1441 1364 polyphyllus
1458 1311 1609 1351 foliolis
1625 1309 1807 1350 constans

351 1374 530 1427 pluribus
559 1375 745 1414 distinffis
763 1408 775 1425 ‚
803 1377 973 1417 definitis
1002 1379 1067 1417 vel
1094 1380 1221 1418 rarius
1245 1378 1479 1427 indefinitis,
1502 1378 1624 1419 unico
1650 1375 1718 1417 vel
1739 1389 1806 1430 ge-

353 1441 465 1481 mino
501 1442 569 1481 vel
601 1442 805 1494 multiplici
843 1444 982 1485 ordine
1017 1445 1238 1498 dispositis,
1273 1456 1342 1485 aur
1373 1445 1617 1499 monopbyllus
1643 1443 1685 1484 δι
1709 1453 1805 1484 tune

353 1507 608 1559 multipartitus
630 1509 782 1548 laciniis
806 1511 883 1550 basi
908 1512 1060 1552 tantum
1084 1512 1224 1563 Junffis
1242 1543 1253 1561 ‚
1270 1512 1337 1552 vel
1367 1513 1493 1565 integer
1518 1510 1807 1551 omnino'indi-

353 1572 487 1622 visus,
512 1574 575 1613 vel
607 1574 683 1614 basi
708 1576 858 1627 integer
882 1577 922 1616 &
951 1577 1075 1617 limbo
1106 1578 1268 1618 divisus.
1295 1577 1427 1629 Hujus
1452 1577 1552 1618 δεῦε
1573 1577 1710 1617 brevis
1736 1585 1806 1617 aut

354 1639 529 1691 oblonga
563 1652 629 1680 aut
661 1640 905 1694 longiffima,
936 1645 1132 1696 ventricosa
1160 1643 1273 1683 fauce
1302 1643 1498 1684 coaraata
1524 1653 1592 1683 aut
1615 1642 1806 1682 urceolaris

354 1705 466 1746 fauce
485 1718 622 1758 patens
633 1738 644 1756 ‚
661 1721 725 1747 aut
751 1710 916 1763 tubulosa
932 1710 1149 1762 cylindrica
1167 1723 1235 1751 aut
1246 1713 1426 1751 turbinata
1440 1711 1620 1751 obverse
1637 1709 1778 1751 conica
1790 1738 1807 1757 ,

354 1785 422 1813 aut
437 1774 571 1813 eadem
586 1775 744 1827 longior
768 1776 1114 1829 infhndibulifhrmis
1129 1788 1195 1818 aut
1214 1777 1456 1831 planiuscula
1473 1777 1641 1818 omnino
1662 1789 1804 1830 patens.

355 1841 520 1881 Limbus
536 1841 589 1881 est
606 1844 828 1883 connivens
856 1855 923 1883 aut
944 1845 1070 1884 reetus
1093 1855 1160 1885 aut
1189 1857 1326 1898 patens
1348 1857 1415 1885 aut
1443 1845 1634 1893 reflexus,
1655 1845 1806 1898 integer

353 1953 1800 1974 u———-·————-—-———————-—--⁴

401 2045 421 2064 θ
438 2040 504 2076 His
522 2037 622 2076 addit
640 2040 801 2076 Linnaeus
819 2038 1028 2077 Nec‘larium
1046 2054 1120 2088 quo
1137 2042 1285 2079 nomine
1309 2029 1472 2089 designat
1488 2051 1610 2087 partes
1628 2038 1805 2086 praedictis

355 2103 486 2140 florum
517 2104 664 2151 organis
695 2103 876 2141 interdum
905 2103 1046 2142 additas
1075 2110 1109 2143 &
1149 2104 1324 2142 strusturai
1356 2101 1629 2150 diverfiffimas,
1661 2114 1701 2141 ut
1723 2100 1805 2141 sunt

352 2165 558 2214 glandulae,
591 2165 698 2213 sctae,
727 2165 920 2213 squamulae
939 2195 951 2212 ,
985 2168 1203 2214 appendices
1223 2199 1235 2214 ‚
1267 2167 1453 2205 tubercula
1471 2198 1481 2214 ,
1512 2165 1655 2211 foveae,
1687 2166 1804 2212 sulci,

352 2231 537 2270 calcaratae
567 2237 603 2270 &
633 2243 793 2270 cornutae
820 2234 1035 2280 propagines
1061 2236 1129 2270 &c.
1158 2230 1412 2279 Rejiciendum
1433 2232 1451 2269 ἐ
1473 2229 1620 2271 scientia
1634 2230 1805 2273 botanici

352 2306 487 2330 nomen
514 2306 648 2342 vagum
675 2293 806 2339 nimis,
830 2292 1130 2341 descriptionibus
1153 2298 1188 2331 &
1205 2292 1446 2332 caracteribus
1470 2292 1697 2341 implicandis
1713 2291 1799 2331 ido·

351 2369 460 2394 neum
478 2388 489 2403 ,
523 2362 557 2394 &
589 2358 799 2397 revocandae
831 2357 950 2405 potitis
979 2357 1026 2396 ad
1055 2356 1192 2406 fingula
1220 2370 1358 2406 organa
1388 2370 1507 2404 partes
1538 2370 1606 2404 pto
1641 2356 1804 2396 nectario

351 2418 484 2457 habita:
500 2448 511 2464 ‚
542 2434 636 2458 nunc
668 2422 814 2468 proprio
841 2420 982 2459 tantum
1006 2423 1154 2459 nomine
1179 2420 1413 2468 appellandae.

400 2478 416 2504 ὁ
444 2483 549 2520 Calix
582 2497 656 2520 non
691 2484 767 2522 abit
800 2486 837 2523 in
862 2483 1020 2523 frustum
1047 2497 1085 2522 ut
1109 2486 1159 2522 ait
1185 2482 1499 2529 Tournefottius;
1533 2496 1599 2522 nec
1627 2480 1690 2530 ipsi
1715 2482 1805 2525 vere

354 2545 499 2592 superus
520 2546 569 2583 est
588 2546 764 2586 referente
784 2544 933 2587 Linnaeo'
945 2577 959 2593 ‚
981 2547 1041 2586 scd
1061 2547 1174 2594 ipsum
1197 2548 1217 2586 'a
1242 2547 1315 2586 ban
1339 2547 1482 2596 obtegit
1496 2547 1677 2595 integrum
1699 2544 1804 2584 simul

353 2608 589 2648 concrescens
621 2611 735 2654 (vide
769 2612 850 2650 Ast.
888 2609 996 2650 Paris.
1034 2624 1153 2659 1773,
1179 2627 1215 2660 p.
1247 2626 1311 2660 223
1346 2614 1376 2658 ).
1411 2613 1643 2650 Linnaeanum
1680 2622 1804 2649 tamen

350 2672 570 2712 vocabulum
587 2676 766 2714 Botanicis
780 2688 970 2723 acceptum
984 2674 1044 2715 hic
1060 2675 1261 2715 admittitur
1275 2673 1412 2714 mutata
1423 2673 1564 2714 tantum
1577 2672 1801 2713 definitione.
