1845 2968
334 105 442 166 xxvj

335 198 475 249 plantae
504 198 707 252 imposita,
738 198 881 252 quibus
906 196 1018 236 velut
1045 196 1230 239 ariadnen
1252 200 1324 240 filo
1344 199 1611 242 ante36lorum
1635 199 1775 254 expla-

334 277 448 304 natur
481 266 661 306 laborum
697 265 937 318 disquisitio,
958 257 1097 316 ‘patent
1125 266 1276 306 vitandi
1314 280 1468 308 errores
1494 298 1506 316 ,
1539 267 1678 308 merita
1708 266 1779 306 in·-

333 330 549 371 clarescunt
564 332 603 371 &
621 332 731 372 suum
750 333 893 383 cuique
907 330 1107 370 tribuitur.
1120 329 1334 372 Plurimum
1349 335 1465 374 etiarn
1480 334 1608 374 studio
1621 331 1778 374 confert

334 397 635 451 leliniographia
667 399 733 439 seu
761 398 977 451 plantarum
1005 397 1299 450 repraesentatio
1321 400 1389 440 aeri
1409 400 1552 446 incisa,
1582 412 1663 440 non
1686 399 1780 443 offi-

335 466 446 506 ciose
473 467 639 506 mendax
664 466 724 505 sed
749 465 918 518 genuina
938 478 983 506 ac
1005 465 1188 519 simplex,
1221 465 1549 520 descriptionibus
1579 468 1716 521 pot10r
1735 467 1779 507 in

335 534 470 573 habitu
486 534 755 587 exprimendo.
789 532 1010 573 Priscorum
1038 534 1170 575 icones
1196 534 1392 587 pleraeque
1418 535 1598 584 vitiosae,
1626 535 1779 590 Recen-

335 601 480 642 tiorum
517 602 806 646 accuratiores,
835 601 858 641 ὲ
884 614 1048 655 quarum
1075 614 1242 642 numero
1258 602 1467 654 praecipuae
1489 601 1698 656 seligantur
1714 601 1776 654 sy-

337 670 526 722 nonymis
559 668 818 709 admiscendae
841 700 852 718 ,
883 680 949 708 aut
977 669 1016 708 in
1051 670 1170 709 novis
1201 669 1340 723 plantae
1371 667 1547 709 nondum
1574 669 1778 710 delineatae

335 750 427 775 mox
451 736 679 775 incidantur.
706 735 770 777 Sic
794 736 1114 777 nomenclatione
1134 736 1260 784 facili,
1285 736 1467 777 accurat&
1493 735 1783 789 descriptione,

334 803 578 854 synonymia}
607 802 714 843 certa
739 803 780 842 ὅ(
807 803 989 842 iconibus
1016 803 1149 843 nitidis
1180 803 1298 843 solida
1331 803 1533 856 perficitur
1560 801 1779 855 plantarum

333 870 549 923 designatio
575 870 616 910 δι
651 883 787 911 earum
815 881 898 911 tum
930 869 1112 922 specifica
1146 882 1227 910 tuni
1261 870 1442 923 generica
1467 869 1648 922 cognitio
1681 880 1780 911 con-

332 937 523 980 firmatur.

143 1019 305 1052 chan&
383 1004 490 1057 Quae
531 1015 663 1045 autem
702 1004 904 1059 speciebus
941 1004 1209 1045 consociandis
1247 1004 1495 1057 praevaluere
1533 1002 1727 1056 principia
1756 1002 1781 1042 ἐι

103 1068 278 1107 Srstfflssta·
332 1072 534 1112 Botanicis
564 1072 716 1121 ediaa,
757 1073 894 1113 eadem
933 1072 1191 1112 conficiendis
1225 1084 1412 1124 generum
1452 1071 1628 1111 classibus
1664 1068 1783 1110 simili

331 1138 416 1192 jure
450 1138 515 1179 sed
537 1138 800 1179 conti-afficta
828 1138 1078 1191 profuerunt.
1117 1139 1172 1179 Ut
1202 1139 1304 1179 enim
1341 1140 1519 1191 generica
1551 1136 1783 1178 constitutio
1842 1161 1845 1166 ·

332 1206 558 1259 praecipuos
587 1207 694 1246 elicit
718 1206 932 1258 specierum
965 1206 1207 1255 emineres,
1236 1205 1287 1245 sic
1316 1205 1465 1245 classica
1488 1204 1700 1258 primarios
1717 1204 1783 1245 de-

331 1275 429 1314 libat
458 1275 495 1315 in
524 1275 800 1327 genericorum
829 1274 941 1315 serie.
975 1274 1069 1314 Inde
1099 1273 1289 1326 specificae
1321 1274 1359 1312 in
1391 1286 1554 1323 omnes,
1584 1271 1781 1325 genericae

332 1343 372 1380 in
404 1341 585 1394 quasdam
604 1372 616 1389 ‚
651 1341 811 1381 clafficae
839 1342 880 1381 in
916 1341 1157 1395 pauciffimas
1193 1351 1323 1394 partes
1357 1340 1626 1380 diffunduntur
1658 1349 1785 1384 notae.·

331 1407 591 1460 Progrediens
615 1407 774 1447 scientia
793 1407 1099 1461 simplicioribus
1116 1408 1226 1448 simul
1246 1408 1286 1447 δι
1306 1407 1639 1460 praestantioribus
1655 1406 1781 1447 utitur

331 1474 472 1526 signis:
491 1475 690 1526 genericas
716 1474 1002 1526 designationes
1028 1476 1177 1528 integra
1194 1474 1466 1522 fruetificatim
1483 1473 1651 1514 clafficas
1663 1473 1782 1524 unica

330 1540 415 1582 fere
447 1540 618 1592 ejusdem
653 1555 741 1594 pars
768 1542 987 1595 suppeditat
1012 1571 1025 1591 ,
1059 1543 1183 1595 legem
1222 1541 1494 1595 praesentiente
1524 1540 1747 1594 Caesalpinp
1768 1568 1785 1589 ,

332 1608 561 1648 Morisonio
598 1610 740 1662 partim
773 1620 993 1662 exequente
1013 1641 1025 1659 ‚
1058 1609 1210 1648 firmius
1239 1608 1433 1649 sanciente
1458 1607 1785 1654 Tournefortio,

332 1675 660 1716 confirmantibus
692 1675 804 1725 aliis,
846 1675 989 1716 iteriim
1028 1675 1069 1715 &
1103 1675 1268 1716 ssrifflus
1298 1675 1574 1729 promulgante
1604 1675 1781 1715 Linnaeo.

332 1743 432 1782 Haec
448 1743 733 1784 distributionis
763 1757 902 1784 norma
930 1745 1100 1784 Veteres
1130 1743 1242 1784 latuit
1271 1744 1337 1796 qui
1362 1743 1518 1795 organis
1544 1741 1672 1782 minus
1695 1754 1784 1795 per-

331 1809 468 1863 speffis
498 1811 585 1851 suas
607 1825 654 1852 ex
680 1811 815 1852 habitu
832 1842 844 1862 ,
875 1811 967 1852 loco
987 1841 998 1859 ,
1026 1812 1303 1857 diuturnitate,
1325 1811 1546 1851 florarionis
1567 1820 1750 1863 tempore
1768 1837 1785 1858 ‚

333 1877 404 1918 usu
441 1879 598 1919 medico
642 1879 720 1920 &c.
746 1883 764 1901 ‘³
794 1880 1066 1921 ordinationes
1098 1880 1349 1920 deduxerant.
1375 1878 1455 1919 Ubi
1487 1877 1655 1931 primiim
1677 1875 1783 1917 fruc-

331 2109 492 2153 omittit‚
520 2107 598 2155 ipsis
624 2113 659 2146 &
689 2106 842 2146 scicntia:
874 2112 908 2145 &
935 2106 997 2144 sibi
1022 2120 1142 2145 nocet.
1173 2109 1227 2145 Sic
1256 2105 1370 2144 defuit
1396 2106 1557 2143 Linnaeus
1574 2132 1586 2148 ,
1608 2102 1663 2140 vii·
1694 2113 1779 2140 cum

331 2172 598 2212 Tourncfortio
627 2174 818 2211 Botanicus
841 2173 1010 2218 Princeps
1028 2202 1038 2217 ,
1073 2171 1159 2210 diim
1184 2170 1288 2219 hujus
1313 2168 1477 2218 neglecta
1502 2166 1626 2214 saepii‘is
1653 2169 1773 2212 syno-

330 2237 455 2284 nymifi
485 2243 520 2276 &
554 2239 700 2276 mutatis
725 2236 934 2276 nominibus
952 2267 962 2282 ,
986 2237 1101 2277 oculis
1125 2237 1286 2274 omnium
1306 2233 1399 2283 quafi
1424 2232 1590 2271 subduxit
1606 2230 1778 2271 aemuluin

329 2315 437 2350 quem
455 2318 526 2341 non
543 2303 798 2341 obscuraverat
830 2318 837 2339 :
868 2314 984 2339 tantus
1010 2315 1113 2339 amoi·
1133 2299 1292 2339 indivisae
1319 2297 1432 2338 laudis
1452 2301 1461 2339 !

378 2378 395 2395 a
422 2366 658 2405 Oreliou'oxos
689 2367 776 2405 dicit
804 2368 964 2405 Liiinaeus
997 2368 1150 2403 Autorcs
1179 2378 1222 2403 ex
1251 2362 1528 2402 fructificatione
1561 2359 1776 2400 methodum

331 2428 559 2468 desumcntcs
583 2431 642 2477 qui
663 2429 742 2468 sunt
759 2429 949 2478 Fruaista,
967 2429 1022 2466 vel
1040 2427 1202 2476 calicistae
1218 2457 1228 2471 ‚
1254 2427 1311 2465 vcl
1333 2424 1537 2474 Comllista,
1556 2424 1617 2462 vel
1633 2423 1778 2461 Sexita-

333 2493 408 2541 hsta
429 2506 443 2537 ‚·
472 2493 728 2532 Hctcrodoxos
752 2494 797 2532 :ib
818 2495 890 2532 alio
911 2493 1084 2540 principio
1107 2491 1336 2541 Vegetabilia
1359 2489 1629 2534 distribuentes,
1653 2486 1778 2534 quales

332 2556 508 2594 liabciitiir
529 2547 787 2604 *flantium—rarii
813 2557 941 2596 ordine
967 2555 1198 2603 alphabetico
1214 2587 1224 2600 ,
1243 2554 1453 2609 Ιίἂίἶοιονηᾷ
1477 2551 1499 2590 ὲ
1523 2550 1650 2591 radicis
1663 2549 1776 2588 struc-

332 2621 408 2659 turi
428 2651 439 2666 ‚
465 2621 699 2673 Phyllophi'li
724 2623 745 2660 ὲ
770 2622 947 2663 foliorum
976 2621 1161 2669 speciebus
1178 2651 1189 2666 ,
1220 2617 1525 2672 Phyfiognomoni
1549 2615 1595 2655 ab
1623 2614 1773 2661 habitu,
