1845 2968
1347 155 1452 214 ‘xxxj

14 216 157 270 dicitur
182 228 282 272 flore
309 244 389 273 non
417 222 725 276 semine‘carens
746 266 759 282 ,
786 237 828 276 δι
858 237 1172 294 Caryophylleae
1202 254 1248 282 ac
1275 243 1456 286 Liliaceae

14 295 103 336 solo
129 297 374 351 designantur
395 301 533 341 habitu
556 315 601 343 ac
626 304 794 356 quadam
824 306 1100 358 similitudine,
1130 310 1171 348 δι
1193 311 1371 363 quaedam
1388 314 1457 352 Li-

8 363 147 406 liaceae
176 366 488 420 (Hyacinthus,
519 370 748 421 Narciffus,
775 372 1018 429 Gladiolus)
1043 377 1154 416 certo
1173 390 1252 417 non
1283 381 1456 433 polype-

10 431 102 471 talae
122 435 299 486 cognatis
324 426 588 477 admiscentur
609 439 847 492 polypetalis
873 440 1031 482 favente
1055 443 1139 495 lege
1167 446 1350 493 naturali,
1370 447 1453 498 sys-

12 500 196 540 tematica
210 499 453 554 refragante3
473 518 526 557 30.
543 506 730 558 improbo
752 519 847 546 cara
847 508 989 548 :terum
1008 510 1048 548 in
1062 511 1454 554 corollainfimorum

13 564 159 606 delectu
194 570 404 621 praecipuis
440 573 670 624 posthabitis
688 602 700 623 ‚
743 574 835 613 dum
864 576 1044 617 constans
1072 579 1237 621 corollae
1262 581 1355 621 fitus
1385 584 1456 622 vix

10 631 248 674 sectionibus
262 635 511 690 'designandis
527 640 755 686 adhibetur,
777 640 817 679 &
841 642 973 682 varias
995 643 1164 695 ejusdem
1181 645 1309 688 forma
1325 649 1456 690 classes

12 700 151 742 definit
176 703 216 742 in
247 703 542 758 Campanulatis
563 737 574 753 ,
604 706 1040 751 Infundibuliformibus
1063 742 1075 761 ‚
1108 714 1317 756 Anomalis
1347 719 1425 758 &c.
1443 749 1456 767 ‚

11 767 149 809 affines
174 770 336 812 subinde
366 772 536 824 segregat
566 773 850 827 Campanulam
885 776 927 816 &
956 778 1184 830 Lobeliam‚
1213 783 1382 825 Rubiam
1414 787 1458 827 &

12 833 259 886 Rubeolam,
276 839 506 879 Cerinthem
531 840 572 879 &
592 840 884 883 Pulmonariam
907 846 985 886 &c.
1003 878 1014 895 ,
1046 848 1243 890 discordes
1266 854 1460 894 conneffit

13 901 190 941 Araliam
217 903 260 943 &
285 903 557 957 Asparagum,
579 906 786 948 Lobeliam
813 910 854 949 δι
879 912 1220 965 Aristolochiam‚
1246 918 1461 960 Butomum

15 965 59 1006 ἃ
80 967 360 1018 Helleborum‚
385 971 545 1012 Violam
562 972 601 1011 &
621 973 844 1024 Orchides‚
860 977 1040 1019 Paridem
1057 981 1098 1020 &
1113 982 1339 1025 Cruciferas
1358 987 1462 1035 &c.;

11 1034 320 1086 4pauciorum
348 1050 438 1077 cara
451 1039 598 1079 &erum
623 1044 943 1093 enumeratione,
962 1046 1010 1085 iis
1033 1049 1183 1088 tantum
1206 1052 1366 1103 prolatis
1387 1054 1466 1106 sys-

11 1101 200 1143 tematico
221 1117 332 1144 more
346 1119 461 1158 ,quae
493 1108 634 1160 speciei
661 1109 708 1148 ad
738 1110 933 1152 summum
961 1113 1236 1167 distinguendae
1264 1132 1310 1158 ac
1333 1123 1462 1161 nomi-

10 1170 150 1211 nandae
181 1171 406 1223 sufficiunt,
436 1177 589 1216 caeteris
615 1178 790 1218 omiffis·
780 1189 871 1232 ,ςο.
893 1181 1164 1234 integumento
1193 1185 1322 1226 florali
1354 1201 1462 1228 certe

10 1234 244 1279 secundario
280 1241 323 1280 δι
358 1251 486 1282 tamen
525 1245 566 1283 in
608 1247 838 1298 primarium
877 1263 1068 1302 organum
1109 1252 1210 1292 male
1246 1255 1462 1295 constituto

12 1302 266 1359 clafficosque
300 1308 530 1363 suppetente
568 1314 808 1364 caraeeres,
848 1316 941 1356 dum
976 1330 1124 1369 organa
1164 1320 1334 1360 sexualia
1363 1323 1462 1362 vere

11 1370 201 1422 primaria
222 1405 234 1423 ,
267 1377 408 1429 nempe
439 1378 598 1420 flamina
623 1381 664 1420 &
693 1382 812 1435 styli,
839 1385 1003 1423 omnino
1030 1388 1280 1437 praetermiffa
1304 1402 1354 1429 ne
1380 1389 1461 1430 sec-

11 1437 190 1480 tionibus
215 1442 370 1493 quidem
398 1445 629 1486 definiendis
649 1448 939 1502 impenduntur.

69 1509 125 1548 Ex
151 1510 257 1551 dietis
274 1526 313 1564 p.
336 1514 416 1566 xxj.
445 1515 756 1558 Tournefortius
781 1519 917 1571 ignota
939 1521 1097 1561 sexuum
1125 1522 1281 1563 afflone
1303 1523 1463 1565 stamina
1498 1552 1613 1583 Linuaei
1627 1552 1692 1593 sys-

11 1574 232 1628 respuerat,
241 1592 410 1632 quorum
424 1583 665 1634 praesentiam
679 1586 840 1638 posthac
850 1587 1090 1628 manifestam
1107 1590 1135 1628 s1
1147 1591 1316 1632 novisset
1330 1594 1440 1645 prius
1450 1625 1461 1641 ,
1488 1608 1584 1629 tert-a-

11 1657 60 1685 ea
94 1645 203 1685 certe
242 1648 282 1687 in
313 1648 426 1689 usum
464 1652 694 1693 botanicum
733 1666 903 1695 evocata
939 1656 1162 1709 perfectiori
1196 1671 1385 1711 generum
1421 1662 1464 1701 ἓξ

11 1711 184 1752 claffium
217 1713 376 1757 fabricae
401 1718 643 1761 adhibuisset.
667 1721 795 1779 Utiles
814 1723 854 1761 in
876 1724 1054 1763 claffibus
1078 1725 1319 1766 delineandis
1336 1728 1464 1768 stami-

12 1790 112 1818 neos
147 1781 362 1822 caraeeres
391 1786 721 1827 animadverterat
752 1789 1004 1830 Burckardus
1027 1822 1038 1839 ‚
1069 1791 1109 1830 in
1138 1792 1184 1831 ea
1221 1795 1464 1845 cogitatione

13 1845 223 1886 subfidens.
254 1849 368 1888 Ultra
393 1852 574 1903 processit
596 1854 778 1894 Linnaeus
804 1856 1004 1896 Profeffor
1028 1857 1265 1911 Upsalienfis
1289 1861 1337 1899 ab
1360 1874 1464 1900 anno

15 1925 106 1964 1741
139 1914 188 1953 ad
222 1916 312 1965 1778
332 1947 343 1964 ‚
376 1918 416 1955 δι
448 1920 681 1961 confirmata
718 1936 962 1975 organorum
992 1924 1205 1964 sexualium
1239 1925 1461 1978 dignitate,
1508 1978 1511 1980 ,

3 1979 126 2024 ¹suum
140 1981 329 2022 exstruxit
346 1983 514 2036 systema
536 1987 871 2039 sexualediclmm,
895 1990 1008 2040 cujus
1023 1991 1235 2031 caracteres
1248 1991 1467 2035 sectionum

15 2046 158 2100 saepiuS
185 2062 235 2088 ex
263 2051 431 2103 pistillo,
461 2053 631 2094 classium
658 2055 810 2109 semper
840 2070 888 2096 ex
917 2056 1144 2097 staminibus
1165 2058 1467 2111 depromuntur.

14 2112 60 2153 In
86 2114 147 2155 his
168 2118 373 2169 perpendit
395 2132 600 2160 numerum
621 2121 662 2161 &
684 2125 986 2175 proportionem
1007 2124 1047 2162 ἃ
1066 2126 1357 2166 connexionem
1383 2143 1465 2169 mu-

0 2192 126 2220 vtuam
154 2181 194 2221 &
225 2183 545 2236 conjugationem
564 2201 655 2227 cum
680 2189 824 2241 pistillo
841 2220 853 2235 ‚
878 2190 919 2228 &
946 2190 1254 2231 occultationem
1281 2193 1323 2233 &
1343 2207 1470 2247 quan-

0 2248 152 2302 doque
179 2250 292 2290 fitum
321 2265 329 2289 :
356 2253 462 2292 unde
495 2255 637 2307 viginti
675 2268 848 2308 quatuor
883 2269 1079 2310 exurgunt
1121 2259 1281 2308 classes,
1313 2261 1469 2314 fingulae

17 2315 175 2358 ratione
196 2318 349 2357 numeri
375 2320 593 2371 germinum
620 2332 686 2361 aut
709 2322 903 2374 stylorum
931 2325 1208 2377 multipartitae.

73 2383 138 2423 Sic
160 2385 316 2437 priores
340 2387 521 2425 undecim
544 2388 674 2428 classes
690 2402 808 2429 nume
811 2403 859 2429 ro
882 2391 1085 2430 staminum
1107 2391 1272 2433 definito
1289 2394 1368 2446 (ab
1384 2409 1466 2436 uno

5 2450 69 2490 ‚ad
92 2451 406 2501 duodenarium,
435 2454 652 2495 undenario
675 2458 874 2509 nunquam
899 2457 1118 2510 existente)
1137 2459 1178 2497 ὅτ.
1202 2461 1466 2513 appellatione

19 2516 218 2557 conformi
242 2519 518 2571 graeco-latinii
545 2519 788 2572 defignamur
804 2553 815 2571 ,
843 2523 951 2561 diflae
974 2525 1222 2570 Monandria,
1247 2527 1433 2565 Ditzndria
1449 2556 1462 2572 ,

29 2584 245 2634 Triandria,
279 2588 494 2626 Pentaadria
511 2618 523 2636 ‚
560 2590 777 2630 Hexandria
792 2621 804 2640 ‚
837 2592 1061 2644 Heptandria
1086 2622 1097 2640 ‚
1132 2593 1324 2631 Oft'andria
1340 2622 1353 2639 ‚
1381 2596 1417 2632 E
1422 2610 1461 2633 rt-

20 2651 218 2701 mandria,
248 2653 486 2705 Decandria,
514 2657 775 2698 Dodecandria.
805 2658 868 2698 Ad
900 2657 1135 2710 Icofimdv'iam
1167 2657 1462 2711 subsequentem
