1845 2968
125 1951 304 1982 caracteres.

335 153 449 213 xviij

333 243 502 285 omnino
540 242 729 284 vestiente
748 270 761 290 ‚
797 253 899 281 nunc
931 240 1073 292 partim
1113 239 1359 293 amplexante
1397 251 1465 282 aut
1492 239 1646 282 tantum
1684 241 1776 282 hine

335 310 555 366 applicit03
578 312 643 350 vel
674 310 712 349 in
737 307 906 360 ejusdem
933 304 1162 359 perispermi
1190 308 1352 359 maioris
1379 308 1542 349 foveola
1574 308 1779 348 delitescit.

386 377 634 418 Enumeratis
658 376 874 429 plantatum
902 372 1079 426 partibus
1106 373 1252 412 cursim
1280 374 1467 415 addendae
1490 374 1577 415 sunt
1593 373 1776 428 quedam

335 446 468 487 minus
494 445 736 492 effentiales;
766 455 849 482 tum
883 440 1054 481 bracteae
1078 439 1237 481 florales
1263 441 1306 481 δι
1332 441 1520 483 foliorum
1554 441 1704 496 stipulae
1733 440 1778 480 δε

334 514 502 569 spinosae
517 525 582 554 aut
594 513 776 553 aculeatae
793 510 1030 564 propagines
1044 510 1122 562 jam
1137 510 1303 564 prolatae
1318 524 1332 560 ;
1348 512 1594 566 tuminsupet
1604 522 1776 565 gemmae

333 582 509 622 scorsum
540 581 603 620 vel
632 578 742 619 simul
773 578 929 619 florales
949 578 990 617 δι
1009 578 1189 619 foliaceae
1206 608 1218 624 ,
1241 578 1421 631 plurimis
1451 579 1640 620 conceffae
1660 578 1778 619 arbo-

333 650 443 689 ribus
459 650 496 688 &
509 648 639 688 herbis
657 646 856 698 denegatae
868 660 881 694 ;
894 646 1015 686 cirrhi
1031 645 1052 685 s
1051 646 1191 699 pii-ales
1209 646 1365 686 indivisi
1383 656 1450 686 aut
1463 645 1622 692 ramofi,
1636 643 1779 699 plantis

333 715 606 757 scandentibus
623 713 755 754 fulcro
778 713 981 767 alligandis
1004 713 1145 762 utiles;
1170 713 1237 766 pili
1261 725 1334 767 pro
1358 712 1526 753 vasculis
1545 712 1779 754 excretoriis

330 783 455 823 habiti
478 797 488 830 3
524 782 626 821 succi
658 781 879 835 plantarum
904 780 1075 820 colorati
1102 779 1350 821 lactescentes
1377 790 1444 820 aut
1472 780 1570 821 lutei
1595 790 1663 820 aut
1688 778 1778 820 san-

331 850 465 903 guinei
506 849 612 897 &c.;
641 848 834 901 glandulae
871 847 992 887 succis
1021 847 1268 888 secernendis
1306 847 1471 888 idoneae.
1502 847 1596 887 Non
1635 846 1779 887 silenda

328 929 489 970 quoque
506 916 708 969 inaequalis
724 915 913 955 seminum
925 914 1161 968 germinatio
1173 914 1332 954 citatior
1349 926 1416 954 aut
1432 914 1586 954 tardior
1601 944 1612 963 ‚
1631 914 1672 953 in
1690 913 1778 953 aliis

327 983 454 1023 multo
480 983 565 1036 post
587 983 893 1023 maturationem
924 971 1043 1022 facile
1067 982 1287 1036 peragenda
1307 1012 1319 1030 ‚
1346 983 1385 1021 in
1411 982 1497 1022 aliis
1517 981 1628 1022 ocius
1647 979 1781 1021 neces-

327 1051 431 1091 sario
459 1050 701 1100 inchoanda,
727 1051 864 1091 forsan
887 1052 907 1089 a
931 1049 1031 1090 statu
1054 1050 1232 1100 corculi,
1254 1062 1357 1090 nunc
1373 1049 1517 1102 absque
1535 1048 1780 1103 perispermo

326 1118 455 1170 magni
478 1118 519 1158 δι
540 1117 779 1159 valentioris
795 1149 808 1168 ‚
837 1130 942 1158 nunc
963 1117 1065 1157 intrz‘i
1087 1117 1372 1171 perispermum
1393 1117 1604 1157 exsuccum
1629 1115 1781 1155 tenuis-

324 1184 407 1224 simi
439 1196 534 1224 mox
569 1184 788 1224 arescentis.
826 1184 920 1224 Non
956 1184 1289 1238 praetermittenda
1321 1183 1571 1232 florarionis,
1610 1182 1777 1222 frnffifi-

324 1252 495 1292 cationis
511 1253 552 1292 &
569 1251 873 1292 frondescentiae
893 1263 1078 1304 tempora
1105 1253 1144 1291 in
1168 1251 1332 1291 diversis
1354 1251 1496 1304 plantis
1519 1263 1598 1291 non
1617 1249 1779 1300 eadem,

326 1320 367 1357 in
394 1319 626 1372 quibusdam
653 1320 794 1359 brevia
811 1333 856 1359 ac
873 1319 1197 1372 circumscripta,
1221 1321 1258 1358 in
1287 1319 1374 1359 aliis
1392 1319 1664 1372 proti-acriora.
1687 1318 1779 1359 Me-

328 1386 529 1425 morandae
557 1387 674 1426 etiam
701 1386 850 1426 diurnae
870 1386 1014 1426 florum
1043 1386 1327 1426 nonnullorum
1349 1386 1638 1439 explicationes
1660 1385 1784 1440 praes-

328 1451 471 1491 stitutis
499 1452 609 1491 horis
643 1452 885 1504 exequendae
914 1464 960 1491 ac
993 1452 1102 1492 simul
1134 1452 1333 1505 quoddam
1362 1452 1491 1492 Florae
1524 1452 1780 1506 horologium

328 1519 584 1566 exhibentes3
612 1519 652 1557 &
678 1519 868 1558 matutina
896 1519 1086 1559 foliorum
1115 1520 1152 1558 in
1178 1519 1320 1571 plantis
1344 1518 1576 1572 quibusdam
1591 1519 1778 1574 expansio

329 1585 446 1637 quam
482 1585 707 1638 vespertina
740 1586 1000 1639 consequitur
1033 1588 1255 1627 contraffio
1286 1587 1465 1627 somnum
1500 1587 1712 1636 fimulans3
1735 1587 1778 1628 &

330 1652 585 1704 quarumdam
603 1652 640 1691 in
653 1648 740 1691 aliis
759 1654 931 1705 partium
951 1653 1195 1693 irritabilitas
1210 1654 1469 1694 ulterioribus
1489 1655 1778 1707 experimentis

330 1719 552 1758 illustranda
571 1733 617 1759 ac
645 1721 954 1773 comprobanda.
975 1721 1049 1760 Eas
1072 1733 1201 1762 tamen
1224 1734 1305 1760 non
1326 1721 1427 1761 ultra
1448 1720 1560 1772 juvat
1579 1731 1709 1774 partes
1731 1734 1779 1763 ac

330 1785 547 1826 funffiones
576 1788 740 1828 minoris
762 1798 868 1828 notae
895 1788 936 1828 δι
960 1789 999 1827 in
1022 1789 1092 1828 usu
1121 1790 1309 1829 botanico
1332 1790 1473 1841 partim
1500 1788 1654 1830 omissas
1674 1803 1780 1833 nunc

330 1852 536 1892 evolvere.

381 1919 440 1958 Ex
466 1921 738 1972 praenuntiatis
759 1922 930 1973 partium
959 1921 1192 1961 differentiis
1210 1921 1410 1975 plerisque
1434 1923 1702 1963 exterioribus
1717 1923 1783 1964 de-

330 1987 527 2027 ducuntur
559 1987 662 2040 signa
698 1988 992 2028 distinctionum
1021 1989 1222 2029 exteriora
1253 1989 1410 2042 quidem
1432 2021 1444 2038 ,
1479 1989 1540 2029 sed
1578 1990 1783 2032 interioris

331 2055 531 2094 struCturae
562 2055 724 2095 modum
751 2057 1040 2108 exprimentia,
1069 2071 1158 2110 quae
1185 2063 1389 2096 caraHerum
1416 2058 1579 2097 nomine
1606 2057 1780 2098 innotes-

331 2133 446 2166 cunt,
477 2135 551 2174 pro
580 2122 698 2161 certis
730 2122 907 2163 habenda
939 2123 1221 2175 Vegetantium
1249 2122 1552 2175 organisationis
1576 2123 1617 2163 &
1638 2124 1780 2166 eorum

330 2188 423 2228 ideo
447 2199 595 2227 naturae
619 2188 784 2228 indiciis.
810 2189 1040 2229 Cara&eres
1063 2199 1195 2229 autem
1213 2219 1224 2237 ,
1252 2190 1341 2228 veri
1367 2189 1682 2243 disquisitionum
1708 2192 1781 2233 bo·

331 2255 553 2294 tanicarum
580 2254 705 2300 fines',
737 2255 880 2308 plantis
911 2256 1182 2308 dignoscendis
1209 2269 1253 2296 ac
1283 2255 1515 2297 definiendis
1546 2257 1746 2299 necefl‘arii
1766 2289 1782 2306 ,

332 2321 617 2372 distinguuntur
644 2322 800 2362 ratione
824 2323 977 2362 numeri
1003 2322 1044 2363 δι
1065 2323 1292 2376 praestantiae
1322 2324 1360 2362 δι
1391 2334 1539 2363 mutuae
1565 2323 1785 2367 affinitatis.

331 2387 468 2429 Primo
496 2388 652 2439 quidem
686 2388 948 2442 fimpliciffimi
982 2389 1198 2429 carafoeres
1231 2388 1406 2430 seorsum
1445 2390 1605 2442 expensi
1630 2392 1778 2431 εοέυηε

333 2455 373 2494 in
405 2454 644 2507 compositos
669 2468 717 2494 ex
738 2456 932 2509 aliquibus
959 2457 1069 2496 simul
1097 2457 1262 2507 junffis,
1289 2469 1356 2497 aut
1385 2456 1492 2516 ultra
1512 2457 1550 2496 in
1578 2457 1782 2509 generales

332 2535 378 2561 ex
401 2520 628 2573 compositis
658 2520 806 2572 ίέιξὶος,
834 2534 900 2563 aut
933 2523 1092 2563 demum
1120 2524 1159 2563 in
1188 2524 1454 2566 universalem
1483 2536 1624 2563 omnes
1648 2523 1780 2577 Vege-

334 2587 452 2626 tantis
479 2598 609 2636 partes
643 2587 684 2627 &
711 2589 856 2630 modos
870 2590 1194 2645 complestentem
1211 2605 1320 2645 ,quo
1347 2590 1597 2633 constituitur
1623 2588 1780 2638 habitus

332 2656 542 2707 unicuique
560 2655 701 2708 plantae
717 2658 901 2711 proprius
917 2658 959 2700 &
976 2659 1216 2712 consequens
1247 2659 1420 2711 ejusdem
1441 2668 1582 2699 natura
1605 2657 1777 2700 exteriiis
