1845 2968
1352 141 1480 203 xxvij

43 238 273 280 tificationis
299 240 519 294 praestantia
546 240 655 280 veris
682 238 852 279 innotuit
875 235 1096 282 Botanicis,
1127 234 1296 286 singulus
1326 233 1398 274 suo
1421 246 1484 273 ar-

41 305 189 357 bitratu
221 318 371 360 partem
401 308 440 347 in
471 307 517 347 ea
550 306 856 359 manifestiorem
884 314 951 344 aut
978 302 1190 356 praecipuis
1221 301 1485 340 caracteribus

43 371 349 426 multiplicandis
378 374 572 427 aptiorem
608 374 738 426 elegit.
771 372 949 412 Sexubus
976 369 1152 410 nondum
1181 368 1349 419 cognitis
1370 397 1381 415 ,
1415 368 1481 406 alii

19 438 209 503 ‘fructum
228 470 242 486 ,
273 441 341 481 alii
373 441 535 480 calicem
554 471 565 487 ‚
607 441 672 480 alii
703 439 896 479 corollam
926 435 1178 491 praeposuere
1202 465 1216 481 ,
1252 435 1325 475 suo
1359 434 1480 474 modo

37 505 346 560 superstruentes
379 509 594 562 unicuique
626 505 856 549 methodum
888 505 1000 545 varie
1036 503 1255 558 dispositam
1292 515 1340 543 ac
1380 501 1479 542 vere

35 573 340 626 systematicam.

90 641 252 683 Utilitas
277 645 453 685 methodi
476 659 521 686 ea
543 645 596 685 est
621 654 665 684 ut
689 656 829 696 genera
851 643 995 693 species
1016 641 1158 682 fimiles
1180 640 1450 681 connectenda
1463 669 1477 688 ,

37 708 78 749 in
94 707 283 751 sectiones
300 714 406 753 notis
432 713 668 753 secundariis
693 711 906 763 defignatas
931 720 1175 758 convocata,
1198 708 1362 748 ulterius
1379 721 1474 748 con·

35 787 193 829 gregata
225 779 265 818 in
292 780 423 820 claffes
446 793 495 819 ex
522 779 722 819 nonnullis
751 778 990 818 sectionibus
1018 777 1256 830 compositas
1284 777 1471 828 signoque

35 841 216 884 definitas
247 846 438 898 primario
469 859 514 885 ac
542 846 800 899 simpliciori,
832 844 1243 894 ordinationisxhujus
1275 843 1470 884 beneficio

34 909 150 951 facile
164 912 441 965 dignoscantur
458 913 550 953 dato
564 914 757 953 carattere
771 943 782 960 ,
799 913 840 952 δε
857 913 1125 952 incunctanter
1138 912 1295 951 nomine
1309 912 1472 964 proprio

35 976 261 1036 salutentur.
286 978 350 1019 Sic
374 980 541 1032 quilibet
564 981 602 1019 in
628 981 803 1021 exercitu
826 980 938 1019 miles
958 993 1053 1019 mox
1069 979 1281 1033 reperitur,
1305 979 1476 1031 cognitis

33 1042 150 1096 hujus
177 1044 333 1098 legione
367 1047 409 1087 &
441 1047 572 1087 turmzi
605 1048 646 1088 δε
684 1047 887 1100 manipulo
925 1049 966 1087 δε
1008 1047 1283 1086 contubernio.
1314 1046 1387 1086 Sed
1416 1060 1474 1085 eae

34 1109 254 1163 plantarum
300 1113 594 1154 distributiones
646 1114 883 1154 methodicae
929 1114 968 1152 in
1015 1114 1167 1152 tantum
1210 1113 1345 1152 valent
1377 1143 1388 1160 ‚
1432 1113 1474 1152 in

30 1167 219 1232 quantilm
246 1183 439 1223 naturales
454 1184 495 1223 &
515 1183 649 1223 faciles
671 1184 711 1223 δε
727 1183 946 1223 uniformes
966 1183 1158 1222 habentur
1176 1195 1183 1218 :
1203 1191 1249 1221 10.
1264 1181 1350 1233 Qui
1368 1181 1474 1220 enim

34 1259 184 1290 naturae
210 1249 344 1291 sedulo
383 1262 523 1304 parent
554 1252 735 1291 Botanici
775 1252 813 1290 in
850 1251 1149 1291 individuorum
1184 1251 1226 1289 &
1257 1249 1476 1302 specierum

31 1316 311 1366 connexione,
342 1318 466 1359 ab‘ea
493 1319 658 1359 nimium
684 1320 868 1359 recedere
885 1319 1117 1359 erubescunt
1139 1319 1176 1358 in
1200 1330 1386 1369 generum
1406 1330 1472 1369 ap-

32 1384 352 1435 proximatione,
373 1399 545 1439 quorum
572 1387 711 1426 dantur
735 1387 913 1439 plurimae
932 1385 1051 1426 series
1074 1386 1251 1438 apprime
1278 1385 1474 1424 naturales

31 1450 220 1491 omnibus
247 1452 515 1506 acceptiffimae
537 1485 548 1502 ‚
577 1453 664 1493 aliis
691 1455 830 1493 ordines
853 1453 1033 1491 naturales
1049 1483 1060 1500 ‚
1081 1452 1169 1490 aliis
1184 1451 1383 1503 fiagryzenta
1404 1466 1472 1489 na-

33 1505 314 1562 turalia'di&ae.
350 1519 500 1559 Harum
528 1520 734 1559 nonnullas
766 1519 973 1559 methodus
1001 1519 1187 1572 quaelibet
1212 1519 1344 1559 servat
1372 1518 1471 1557 indi-

31 1581 163 1631 visas,
185 1584 237 1624 eo
258 1584 465 1638 perfeffior
492 1586 624 1626 habita
649 1587 771 1627 tacito
794 1598 943 1626 naturae
972 1587 1096 1637 jussu,
1128 1587 1208 1639 quo
1236 1585 1366 1638 plures
1399 1586 1472 1625 ad-

32 1651 192 1696 miserit.
230 1661 288 1693 20.
324 1654 587 1706 Explanandae
618 1665 748 1695 tamen
784 1654 956 1695 scientiae
993 1654 1186 1707 studiique
1214 1653 1473 1694 contrahendi

34 1719 181 1772 cupido
210 1721 467 1762 Methodicos
497 1722 520 1761 a
549 1724 687 1763 natura
715 1723 816 1776 saepe
848 1723 1081 1775 detorquet,
1110 1722 1290 1761 notitiam
1319 1721 1474 1762 facilem

32 1785 306 1827 universaliori
329 1801 621 1843 praeponentes,
644 1791 786 1844 quibus
809 1791 980 1844 plantam
1000 1790 1215 1843 praesertim
1235 1789 1472 1838 nominasse,

32 1853 165 1894 minhs
188 1867 237 1894 ex
262 1854 416 1907 integro
437 1857 590 1897 noviffe
607 1859 764 1911 expedit
790 1872 798 1896 :
829 1859 920 1898 inde
945 1870 1082 1897 omnes
1107 1857 1361 1909 requiruntur
1390 1855 1473 1923 [ἴέ-

28 1920 182 1960 tematis
210 1920 425 1961 divisiones
450 1935 529 1962 non
553 1923 726 1963 confusae
752 1937 822 1964 nec
846 1925 1064 1976 ambiguae,
1090 1924 1154 1963 sed
1184 1922 1468 1962 distinffiffimae

29 1986 71 2025 δι
96 1986 312 2040 perspicuae
335 1988 376 2028 81
402 1989 597 2030 intellectu
626 1990 778 2039 faciles,
798 1992 911 2043 signis
929 1990 1136 2030 manifestis
1152 1989 1192 2028 &
1208 1990 1472 2030 constantibus

29 2053 186 2094 innixae.
223 2066 279 2108 30.
308 2056 452 2109 Aliqua
486 2057 644 2109 insuper
680 2058 764 2097 laus
790 2058 978 2097 tribuitur
1014 2058 1212 2110 systemati
1241 2058 1352 2109 cujus
1383 2059 1469 2110 pri-

29 2121 166 2161 mariae
189 2135 326 2162 omnes
355 2136 404 2163 ex
432 2123 573 2164 eodem
604 2136 754 2176 organo
782 2125 824 2163 &
849 2124 1082 2164 secundariae
1116 2137 1164 2163 ex
1196 2123 1321 2164 altero
1358 2125 1469 2164 divi-

30 2189 158 2228 fiones
181 2201 375 2230 eruuntur
395 2192 450 2231 ita
467 2190 774 2245 circumscriptae
793 2206 836 2232 ac
858 2193 989 2231 solidae
1005 2222 1015 2237 ,
1038 2204 1082 2232 ut
1100 2206 1180 2232 uno
1204 2193 1309 2245 quasi
1330 2203 1469 2234 tenore

30 2255 251 2297 diffluentes
285 2258 326 2298 δι
353 2261 573 2313 expeditae,
599 2261 880 2314 exceptionem
921 2260 1140 2300 nullatenus
1178 2273 1244 2299 aut
1283 2261 1467 2302 rariffime

27 2325 244 2366 admittant.

30 2524 197 2563 Chrortici
221 2525 242 2563 'a
268 2538 429 2572 tempore
459 2524 612 2562 florendi
634 2555 644 2571 ‚
681 2524 875 2574 Topoplzili
900 2526 920 2563 21
946 2526 1027 2563 loco
1056 2525 1190 2570 natali,
1220 2523 1395 2572 Empirici
1417 2523 1464 2560 ab

5 2588 92 2627 ‘usu
117 2590 285 2636 medico,
317 2589 528 2640 &plu—fimi·
556 2589 576 2627 a
604 2588 963 2637 Pharmacopaeomm
992 2587 1232 2634 dispositione.
1259 2588 1356 2625 Phil.
1380 2587 1467 2625 Bor.

24 2667 59 2695 ,a-
83 2667 212 2702 25-31.
