1845 2968
1457 168 1489 201 V

55 241 150 286 folia
171 245 211 287 &
240 247 263 286 a
288 246 393 287 foliis
417 247 464 287 ad
494 245 662 286 radicem
680 245 872 298 perpetuo
895 244 1103 284 devehitur
1122 243 1281 290 succus,
1301 245 1491 285 Animan-

53 312 153 353 tium
175 315 361 354 aemulans
387 314 685 354 circulationem
712 313 753 352 &
776 312 880 352 idem
907 312 1084 352 tribuens
1101 311 1309 364 Vegetanti
1334 324 1493 352 munus.

55 379 264 421 Alternum
283 382 398 434 hujus
421 380 617 421 ascensum
639 382 680 420 &
703 379 927 420 descensum
948 379 1089 432 juvant
1105 378 1263 432 spirales
1287 378 1372 418 tubi
1388 377 1493 418 vasis

57 445 303 497 intermixti,
334 448 502 488 tracheis
531 448 739 487 Vermium
770 446 910 486 similes
931 477 942 494 ,
969 448 1059 487 aere
1083 445 1227 497 turgidi
1258 457 1330 498 per
1353 445 1495 484 radicis

55 512 98 552 &
121 512 310 553 foliorum
339 526 488 555 meatus
516 515 679 555 admiffo
705 514 771 567 qui
797 513 931 553 mutua
953 514 1186 567 expansione
1208 513 1248 553 δι
1269 512 1493 553 densatione

53 578 210 620 succum
237 581 414 622 elaborat
443 594 486 622 ut
512 583 550 621 in
578 581 834 634 respiratione
865 580 1046 629 animali,
1067 580 1109 620 δι
1134 579 1319 622 fluentem
1349 579 1492 631 juvare

52 645 209 686 dicitur.
354 635 365 643 x

100 708 303 754 Pr'aediaae
335 727 576 768 organorum
610 714 897 767 descriptorum
924 714 1097 755 aciiones
1126 714 1318 754 sufficiunt
1347 713 1490 767 plantis

49 779 161 820 victu
186 781 406 822 reficiendis
426 782 467 820 &
495 781 605 820 vitali
630 793 767 823 earum
789 780 967 820 fovendo
990 782 1147 830 motui3
1168 782 1255 821 aliae
1276 781 1433 834 insuper
1449 781 1491 821 δι

50 858 182 898 partes
211 848 252 887 δι
279 847 498 888 funfflones
524 847 656 888 iisdem
686 848 988 899 multiplicandis
1012 849 1052 887 &
1080 847 1344 900 propagandis
1375 860 1493 901 pecu-

49 912 199 953 liariter
224 913 473 954 addicuntur.
489 914 634 954 Obiter
659 914 723 954 hic
747 914 897 954 tantum
917 913 1133 953 indicandae
1155 914 1493 967 multiplicationis

49 990 151 1019 artes
174 980 408 1020 Hortulanis
439 980 643 1021 notiffimae
661 1012 671 1030 ,
702 981 813 1020 taleae
837 992 904 1020 aut
934 981 1170 1034 propagines
1198 981 1237 1019 in
1264 981 1402 1021 tellure
1428 994 1492 1021 ra·

49 1046 248 1094 dicantes,
274 1046 316 1086 δι
338 1047 458 1088 emiffi
483 1061 532 1087 ex
554 1048 642 1086 imis
662 1047 840 1087 caulibus
865 1047 1063 1097 stolones,
1087 1047 1129 1086 &
1152 1046 1294 1087 surculi
1316 1047 1491 1093 infititii,

51 1112 93 1152 δι
111 1112 311 1154 Alliorum
332 1124 399 1154 aut
413 1114 679 1154 Narciflorum
697 1115 867 1154 bulbilli:
883 1115 1104 1166 generalior
1120 1115 1279 1154 sexuum
1296 1114 1493 1154 concursu

50 1178 96 1218 fit
128 1181 377 1233 propagatio.
429 1180 539 1220 Dum
568 1181 673 1220 enim
698 1180 836 1221 succus
869 1180 1031 1221 affluens
1066 1180 1240 1221 diversas
1259 1180 1492 1234 Vegetantis

49 1257 181 1298 partes
206 1248 374 1288 nutritio
397 1260 491 1288 rore
514 1248 648 1295 alluit,
677 1248 698 1288 e
721 1248 885 1300 gemmis
905 1248 1079 1301 expediti
1089 1249 1199 1299 flores
1224 1262 1344 1288 novae
1367 1248 1491 1301 prolis

48 1313 294 1364 generationi
319 1315 566 1367 praeludunt,
597 1315 825 1354 exhibentes
853 1326 1000 1365 organa
1031 1314 1197 1354 sexualia
1227 1315 1394 1368 proprio
1426 1316 1491 1354 in·-

48 1378 222 1420 volucro
247 1395 350 1422 nunc
371 1382 571 1435 duplicato
596 1395 700 1422 nunc
720 1382 846 1421 rarius
872 1381 1036 1433 simplici
1065 1381 1200 1420 cincia.
1223 1381 1404 1421 Exterius
1431 1384 1491 1419 in·

47 1447 259 1488 volucrum
290 1449 388 1488 calix
416 1449 560 1490 dicium
579 1480 591 1498 ,
619 1451 775 1490 interno
808 1449 1011 1500 stabilius,
1043 1449 1275 1488 continuum
1308 1448 1491 1487 cuticulae

47 1515 259 1567 pedunculi
282 1517 430 1557 floralis
452 1547 463 1566 ,
490 1517 631 1570 saepius
659 1517 728 1570 ipfi
754 1516 949 1557 concolor
975 1528 1021 1555 ac
1047 1514 1138 1554 ideo
1159 1514 1381 1562 virescens,
1405 1527 1488 1553 cae-

47 1592 152 1622 teras
180 1583 292 1623 floris
320 1595 450 1637 partes
471 1584 755 1637 compleffitur.
785 1584 925 1624 Corolla
947 1584 985 1622 in
1009 1583 1132 1622 calice
1157 1581 1325 1621 interior
1341 1610 1356 1626 ‚
1382 1581 1490 1620 libro

46 1648 254 1702 pedunculi
281 1652 468 1692 continua
485 1683 497 1701 ,
523 1652 646 1691 altera
673 1651 874 1691 involucri
899 1650 1042 1704 species
1069 1650 1348 1702 nonnunquam
1371 1648 1490 1687 abor-

47 1716 129 1755 tiva
147 1745 159 1763 ‚
182 1716 282 1769 saepe
310 1718 488 1758 colorata
508 1732 588 1758 non
606 1719 741 1758 virens
754 1748 767 1764 ,
788 1717 955 1757 indivisa
971 1728 1038 1756 aut
1055 1729 1103 1756 ex
1118 1716 1295 1769 pluribus
1309 1715 1489 1755 constans

45 1781 194 1823 foliolis
218 1783 285 1824 seu
298 1786 454 1837 petalis,
475 1799 551 1837 pro
576 1786 675 1826 flore
699 1786 895 1837 vulgatius
914 1785 1047 1824 habita
1063 1782 1205 1836 utpote
1223 1782 1486 1828 manifestior,

45 1849 267 1890 sexualibus
281 1851 504 1892 immediate
522 1853 736 1905 apponitur
752 1853 911 1905 organis
930 1865 1017 1905 quae
1033 1851 1120 1891 sunt
1139 1852 1303 1890 Stamina
1319 1849 1486 1889 mascula

45 1917 254 1957 ambientia
275 1917 315 1957 δι
341 1919 521 1970 Pifiillum
544 1919 774 1960 foemineum
799 1920 984 1959 centrale.
1010 1919 1181 1959 Stamina
1203 1917 1365 1958 corollae
1387 1929 1485 1956 con-

44 1986 174 2037 genita
190 2015 202 2035 ,
227 1986 295 2038 ipsi
325 1999 467 2027 coaeva
493 1987 534 2026 &
563 1987 760 2027 interdum
786 1988 935 2027 adnexa
951 2017 962 2033 ‚
983 1986 1093 2025 fimul
1114 1998 1162 2025 ex
1179 1985 1318 2025 eodem
1339 1983 1486 2037 puneto

46 2064 135 2092 nata
169 2052 360 2106 simulque
390 2053 476 2106 post
504 2053 821 2094 secundationem
859 2053 1023 2093 decidua
1047 2083 1059 2101 ,
1088 2052 1263 2090 antherum
1290 2049 1358 2090 seu
1385 2048 1489 2090 folli-

44 2119 175 2159 culum
206 2130 345 2172 gerunt
376 2120 550 2160 seminali
580 2131 800 2173 turgentem
824 2120 960 2173 polline
993 2119 1031 2158 &
1050 2120 1233 2170 filamento
1257 2117 1360 2171 saepe
1384 2118 1488 2156 inni-

45 2197 206 2225 tentem.
226 2186 359 2225 Pistilli
386 2198 517 2238 partes
542 2186 631 2226 sunt
653 2201 787 2239 germen
814 2185 1003 2226 seminum
1025 2184 1256 2225 rudimentis
1276 2184 1484 2237 gravidum

47 2253 148 2292 uteri
166 2253 308 2299 instar;
328 2254 440 2304 stylus
457 2254 613 2305 vaginae
633 2253 789 2303 similis,
812 2267 862 2293 ex
884 2252 1038 2293 summo
1057 2253 1287 2304 plerumque
1308 2251 1487 2304 germine

46 2330 183 2367 natus,
198 2319 402 2359 tubulosus
419 2319 521 2372 saepe
545 2319 740 2371 capillatis
754 2348 767 2364 ‚
787 2319 986 2358 interdum
1004 2319 1131 2358 nullus
1146 2332 1157 2366 ;
1172 2319 1300 2371 stigma
1321 2317 1360 2357 in
1379 2317 1486 2370 stylo

47 2388 272 2435 terminale,
289 2398 356 2426 aut
381 2399 432 2426 eo
459 2386 664 2426 deficiente
690 2384 917 2439 impositum
940 2386 1137 2437 germini,
1167 2384 1267 2438 saepe
1287 2384 1486 2425 viscidum

44 2458 86 2495 &
115 2455 285 2495 madens.
315 2454 394 2494 Seu
421 2455 624 2493 communi
647 2454 782 2501 reete,
819 2453 885 2494 seu
909 2453 1073 2492 diversis
1101 2452 1278 2492 habitent
1303 2450 1459 2494 sedibus
1477 2482 1491 2500 ‚

47 2521 211 2561 stamina
248 2533 337 2561 curn
378 2520 523 2574 pistillo
560 2520 600 2559 in
645 2521 746 2561 idem
787 2534 888 2574 opus
935 2529 1190 2559 concurrunt.
1225 2518 1410 2571 Namque
1447 2529 1493 2557 ut

4 2602 10 2605 *
47 2589 221 2642 primum
255 2588 480 2628 maturuere
501 2616 512 2632 ,
544 2587 699 2627 elastica
730 2589 772 2627 vi
813 2588 995 2627 diffiliunt
1032 2586 1206 2626 antherae
1239 2586 1281 2624 &
1312 2585 1489 2625 emissum

44 2655 178 2709 pollen
206 2655 358 2696 viscido
383 2655 551 2708 stigmati
578 2655 827 2709 appingitur,
847 2668 929 2695 ova
947 2652 1117 2695 fecundo
1139 2654 1267 2693 imbre
1287 2652 1490 2704 proluens.

1198 2720 1291 2781 aiij
