1845 2968
1358 120 1474 191 xlvij

28 193 100 238 ulfi
121 197 341 252 coniunffis
355 201 513 243 viribus
530 203 754 256 praeludunt
781 205 822 246 in
847 206 991 249 futurae
1015 209 1142 262 prolis
1156 214 1478 269 generationem5

26 263 80 303 fic
113 266 260 318 pariter
293 269 420 309 nullos
453 268 664 322 separatim
701 274 876 326 produnt
910 275 1059 317 solidos
1087 280 1306 321 caraneres
1330 313 1343 332 ,
1377 297 1479 337 quos

22 329 157 383 junna
184 336 367 387 protinus
398 336 602 378 exhibent.
631 339 690 379 Ex
718 341 914 393 praedic‘tis
938 344 1044 383 enim
1066 357 1104 395 p.
1129 348 1254 400 xxxiij
1284 349 1479 393 instabiles

26 398 221 441 habentur
251 403 291 442 in
319 402 461 444 eodem
495 405 635 445 ordine
669 407 874 447 staminum
905 422 1094 451 numerus
1121 412 1162 452 &
1192 418 1407 468 proportio
1436 419 1479 460 δε

22 470 252 519 connexim
273 481 348 510 nec
365 472 680 515 constantiffimae
693 490 729 526 p.
752 475 806 514 xl.
826 475 882 527 xlj
899 490 947 516 ex
972 479 1145 530 germine
1161 480 1305 535 supero
1331 496 1399 525 aut
1421 486 1480 525 in-

23 530 138 584 fero,
164 535 331 590 simplici
358 550 428 579 aut
451 541 686 594 multiplici,
710 542 778 582 uni
804 552 872 582 aut
893 545 1176 587 multiloculari
1196 550 1273 592 διε.
1288 564 1482 594 eruuntur

22 610 146 642 notae.
178 604 255 644 His
293 605 428 660 itaque
460 609 645 661 neglectis
666 639 678 656 ‚
709 619 840 648 manet
875 609 1133 663 inquirendus
1171 616 1379 659 essentialis
1414 633 1483 661 ca-

23 668 168 720 ταέὶετ,
188 672 349 726 utrique
374 687 531 728 organo
553 675 802 721 communis,
818 676 886 728 qui
908 678 1068 729 quidem
1092 676 1232 723 unicus
1256 695 1364 726 extat
1381 688 1481 729 vere

22 735 236 788 primarius
265 752 312 780 ac
339 740 380 781 in
405 741 587 793 probatis
605 740 815 781 ordinibus
834 745 949 783 certo
971 746 1205 798 uniformis,
1228 763 1388 793 mutuus
1407 754 1483 794 sci*

18 802 115 844 licet
139 804 346 847 staminum
362 807 403 846 δι
421 808 553 860 pistilli
579 807 674 848 situs
691 839 703 859 ,
731 809 795 849 seu
823 809 992 852 insertio
1021 814 1229 856 staminum
1261 820 1483 873 respective

22 870 73 910 ad
88 870 273 923 pistillum
286 901 299 921 ‚
312 875 334 912 ὲ
349 873 540 927 plerisque
561 876 790 916 Autoribus
807 879 1078 929 praetermiffa.
1095 882 1280 924 Linnaeus
1296 887 1334 925 in
1350 888 1484 929 levio-

18 936 133 978 ribus
147 939 299 978 haerens
315 939 524 981 staminum
554 942 683 982 modis
695 973 706 991 ‚
724 943 991 986 valentiorem
1009 948 1138 989 minus
1154 952 1351 1004 perspexit
1366 968 1483 1007 quem

21 1005 113 1043 raro
142 1004 296 1057 ipsimet
319 1009 517 1060 genericae
545 1010 692 1060 adjecit
716 1010 940 1051 definitioni
955 1027 970 1062 3
996 1014 1101 1056 hunc
1127 1017 1167 1057 in
1181 1012 1487 1063 Familiis'cons·

22 1077 149 1111 :anter
166 1070 423 1114 ‘memoravit
451 1075 713 1117 Adansonius.

73 1137 244 1192 Triplex
280 1141 336 1182 est
368 1153 530 1184 mutuus
563 1144 739 1183 staminis
770 1145 813 1185 δε
843 1146 976 1198 pistilli
1014 1148 1142 1199 fitus;
1176 1153 1344 1196 alterum
1379 1159 1485 1199 enim

18 1205 135 1246 'alteri
157 1207 335 1260 subjacet
362 1223 431 1251 aut
460 1212 531 1266 ipsi
556 1212 835 1266 juxtaponitur
861 1228 870 1252 ε
898 1216 986 1255 inde
1011 1219 1157 1271 triplex
1184 1225 1383 1278 praecipua
1410 1228 1486 1269 sta-

21 1272 172 1314 minum
201 1274 394 1326 insertio,
423 1279 580 1331 epigyna
610 1280 728 1332 suprzi
754 1280 962 1333 pistillum,
991 1285 1188 1339 hypogyna
1218 1289 1288 1329 sub
1314 1294 1484 1343 eodem,

15 1340 195 1394 perigyna
217 1344 320 1396 parti
345 1342 532 1397 pistillum
563 1346 754 1386 ambienti
783 1347 852 1387 seu
868 1348 980 1388 calici
997 1355 1024 1389 a.
1051 1352 1206 1394 Harum
1235 1347 1484 1414 unaquaeque

21 1407 73 1446 ab
98 1407 189 1448 aliis
210 1409 708 1466 distinffiffima-nunquzim
735 1413 785 1453 iis
808 1416 1063 1468 permiscetur
1087 1419 1128 1459 in
1156 1422 1296 1463 eodem
1321 1428 1481 1468 ordine:

21 1472 300 1518 Umbelliferas
337 1479 560 1519 constanter
594 1480 732 1520 definit
769 1481 975 1522 staminum
1009 1486 1223 1538 epigynia,
1256 1491 1484 1536 Cruciferas

22 1539 65 1582 &
92 1542 327 1585 Gramineas
350 1546 592 1599 hypogynia
609 1578 621 1596 ‚
653 1547 936 1600 Leguminosas
963 1551 1004 1590 &
1032 1552 1226 1596 Liliaceas
1258 1561 1480 1615 perigynia.

77 1611 183 1652 Aliis
206 1611 360 1653 subdita
386 1614 538 1667 legibus
564 1626 705 1668 quarta
734 1616 868 1668 prodit
895 1617 1060 1658 insertio
1080 1651 1092 1668 ,
1130 1626 1275 1676 nempe
1305 1630 1482 1681 epipetala

21 1676 87 1717 seu
114 1677 232 1731 supr&
267 1681 463 1722 corollam
481 1714 493 1731 ‚
532 1696 620 1736 quae
649 1696 752 1725 nunc
791 1685 950 1725 ordines
979 1680 1157 1740 integros
1182 1692 1321 1734 definit
1345 1707 1390 1736 ut
1410 1698 1482 1738 La-

22 1743 149 1785 biatas
173 1746 216 1786 δι
243 1746 519 1802 compositas,
554 1763 660 1790 nunc
686 1752 885 1792 interdum
916 1754 1044 1794 tribus
1073 1759 1271 1809 praedictis
1298 1763 1485 1805 insertio-

22 1812 142 1853 nibus
166 1816 378 1868 praecipuis
397 1816 578 1858 seorsum
599 1819 854 1860 consociatur
873 1821 916 1860 in
935 1822 1076 1863 eodem
1095 1827 1258 1874 ordine,
1280 1830 1319 1869 in
1340 1833 1483 1872 eodem

22 1891 169 1932 genere
197 1879 239 1921 &
270 1884 390 1924 etiam
416 1885 455 1924 in
488 1886 631 1927 eodem
659 1887 770 1927 flore.
798 1888 861 1928 Sic
882 1889 1044 1931 stamina
1067 1893 1108 1931 in
1128 1894 1396 1947 Leguminofis
1412 1911 1483 1951 pe«

22 1948 167 2001 rigyna
187 1979 200 1999 ‚
225 1950 267 1990 in
302 1951 480 1993 Mimos&
517 1956 558 1994 &
585 1953 762 1994 Trifolio
791 1958 1003 2008 generibus
1028 1961 1272 2001 coordinatis
1307 1963 1395 2004 sunt
1422 1967 1486 2006 m„

23 2016 182 2057 terdum
215 2018 438 2071 epipetala3
474 2021 526 2061 sic
568 2023 607 2061 in
649 2023 751 2063 flore
784 2024 951 2064 Dianthi
994 2026 1035 2063 δι
1072 2027 1289 2068 confinium
1323 2031 1486 2074 stamina

25 2081 170 2123 dantur
193 2086 368 2140 quinque
391 2088 586 2142 epipetala
604 2091 645 2130 ὃς
660 2091 835 2143 quinque
851 2092 1084 2145 hypogyna.
1105 2094 1236 2146 Hujus
1254 2096 1485 2142 discriminis

33 2199 1462 2228 Ἢ

75 2285 96 2303 ⁴
114 2276 294 2327 Ambigua
313 2278 416 2317 datur
439 2280 586 2318 insertio
601 2311 612 2326 ,
637 2280 721 2319 diitn
746 2280 898 2320 stamina
917 2281 1090 2321 inhaerent
1103 2285 1135 2321 ei
1152 2285 1288 2330 pancio
1302 2300 1376 2334 quo
1393 2289 1483 2329 calix

27 2338 176 2388 superus
198 2342 219 2379 ὲ
239 2345 404 2392 germine
430 2341 549 2380 infero
569 2375 580 2390 ,
611 2357 672 2381 aut
696 2346 869 2392 genuinis
894 2345 1009 2392 superi
1037 2349 1300 2393 receptaculum
1321 2351 1344 2388 ὲ
1371 2353 1484 2393 calice

11 2397 150 2445 'infero
168 2403 317 2446 discedit
332 2432 343 2451 ‚
369 2405 449 2444 inde
475 2405 683 2445 dubitanter
707 2422 800 2446 nunc
825 2411 982 2459 epigyna
1005 2422 1065 2447 aut
1085 2413 1285 2460 perigyna,
1313 2428 1406 2454 nunc
1424 2432 1485 2464 pe,

30 2470 162 2518 xigyna
196 2482 256 2508 aut
289 2470 499 2519 hypogyna.
535 2474 698 2519 Compar
731 2485 826 2512 extat
858 2474 944 2513 dum
973 2475 1131 2512 stamina‘
1156 2476 1348 2525 affiguntur
1379 2480 1482 2529 supr&

29 2533 169 2573 discum
196 2549 239 2573 ex
264 2534 395 2574 eodem
417 2537 551 2582 punClzo
571 2537 817 2582 prominulam
838 2539 898 2586 qui
916 2569 927 2585 ,
946 2540 1038 2576 inter
1061 2539 1134 2577 duo
1157 2554 1294 2592 organa
1317 2546 1480 2592 medius,

28 2597 127 2647 quafi
149 2597 274 2637 knixtae
300 2598 351 2637 cst
379 2599 540 2648 originis.
573 2600 640 2637 Sed
671 2601 709 2638 in
743 2613 893 2650 utroque
930 2600 1012 2640 casu
1040 2616 1161 2641 veram
1191 2605 1326 2644 indicat
1361 2607 1477 2648 inser-

28 2663 167 2702 tionem
193 2662 339 2702 collatio
360 2676 535 2712 generum
562 2663 760 2707 confinium
788 2667 825 2704 in
852 2665 980 2715 quibus
1009 2681 1052 2706 ea
1077 2667 1207 2708 certius
1229 2670 1408 2711 definitur-i

1510 1185 1645 1217 Diversae
1661 1186 1719 1220 sta-

1509 1232 1633 1263 minum
1670 1236 1719 1273 inf·

1509 1276 1669 1310 ferriones.
