1845 2968
354 156 416 215 lvj

351 248 449 288 libet
464 247 645 289 sectionis
665 248 859 288 caractere
873 277 884 294 ,
905 254 986 298 quo
1007 243 1119 284 fimul
1139 243 1308 297 seposito
1329 245 1495 286 brevior
1516 255 1561 284 ac
1581 242 1797 298 simplicior

353 326 460 356 extat
485 316 665 368 generica
691 314 915 366 designatio.
944 311 1141 351 Praeterea
1165 311 1267 352 inter
1296 324 1528 353 communes
1547 309 1792 352 ordinum&

350 381 566 422 seffionum
585 383 624 422 δε
642 395 828 434 generum
856 378 1070 418 caracteres
1089 390 1367 420 enumerantur
1385 393 1465 420 non
1480 381 1506 419 ii
1524 378 1793 432 tantuquuos

348 448 600 489 frustificatio
634 449 816 502 profert,
856 445 921 486 sed
954 446 1021 485 alii
1056 446 1188 498 plures
1218 459 1268 486 ex
1302 446 1587 488 inflorescentia
1611 460 1648 499 p.
1675 461 1717 486 x.
1747 445 1791 485 &

346 515 456 556 foliis
479 517 518 556 δι
539 517 648 556 caule
664 514 883 568 desumpti,
908 513 1128 555 nullatenus
1152 515 1476 567 praetermittendi
1495 515 1589 556 dum
1608 512 1791 567 cognatis

347 584 558 635 generibus
578 594 809 621 communes
830 581 1035 621 habentur.
1058 581 1218 620 Horum
1244 580 1459 621 nonnullos
1477 580 1791 622 Tournefortius

345 649 551 688 admiserat
572 648 610 686 in
641 648 851 701 generibus
869 647 944 688 suis
961 647 1225 696 secundariis;
1251 660 1389 687 omnes
1412 647 1547 688 severe
1571 639 1791 688 excluserat

344 705 527 754 Linnaeus
551 728 597 754 ex
625 715 808 767 generica
837 715 1087 762 definitione,
1106 715 1338 755 subvertens
1362 715 1608 755 certiffimam
1626 714 1790 756 Naturae

342 781 467 832 legem
492 794 581 833 quae
610 781 824 822 caracteres
852 783 905 822 in*
923 782 1165 835 designandis
1200 782 1406 822 ordinibus
1434 782 1533 836 saepe
1558 780 1786 834 adjunctos,

341 847 362 886 zi
393 847 551 887 fortiori
585 849 625 887 in
652 850 862 901 generibus
892 851 999 890 ultro
1027 850 1272 890 adhibendos
1299 849 1373 890 effe
1400 850 1565 890 statuit.·

154 931 293 962 Maxima
393 915 450 954 Ex
480 914 606 955 effatis
631 927 763 956 autem
789 916 987 970 sequentia
1006 917 1150 956 merito
1165 916 1455 956 concluduntur
1477 914 1654 955 methodi
1675 923 1788 955 natu-

110 974 317 1053 ἱξὲῗιῖῑὲοᾊ
339 981 429 1020 ralis
465 981 710 1032 commoda,
750 995 892 1035 nempe
929 983 980 1022 1⁰.
1013 983 1145 1035 Hujus
1180 983 1380 1022 ordinatio
1413 983 1593 1035 pluribus
1625 981 1788 1022 definita

109 1064 211 1097 moda.
338 1047 454 1100 signis
481 1047 682 1088 difficilior
712 1049 765 1088 est
795 1048 1044 1101 systematica
1076 1049 1331 1102 paucioribus
1364 1059 1529 1098 utente,
1567 1051 1623 1089 ita
1653 1060 1785 1088 tamen

336 1128 380 1156 ut
398 1129 446 1154 ex
462 1115 710 1168 systematica
741 1115 859 1156 citior
886 1115 950 1156 sed
975 1116 1125 1156 tantum
1149 1116 1357 1164 inchoata,
1374 1129 1424 1156 ex
1444 1115 1613 1156 naturali
1633 1115 1786 1155 tardior

333 1184 375 1223 &
400 1183 512 1224 fimul
538 1197 616 1238 non
640 1183 795 1223 modica
822 1184 1002 1235 cognitio
1030 1183 1257 1223 deducatur.
1318 1178 1322 1183 ’

387 1265 444 1300 20.
469 1250 621 1290 Contra
648 1249 805 1289 facilior
828 1249 882 1289 est
900 1249 1089 1289 naturalis
1116 1261 1302 1301 generum
1324 1250 1539 1301 designatio
1566 1250 1683 1303 quam
1703 1248 1785 1301 sys-

333 1319 517 1358 tematica
533 1348 544 1365 ,
569 1319 661 1369 quia
689 1317 898 1369 pauciores
925 1315 1086 1356 insumit
1115 1316 1349 1365 caracteres,
1375 1318 1530 1357 caeteris
1555 1316 1782 1357 valentiori.

334 1385 409 1423 bus
435 1385 473 1422 in
503 1383 614 1423 claffe
639 1394 707 1423 aut
737 1383 907 1423 sefiione
937 1382 1158 1435 praepositis
1179 1397 1188 1421 :
1210 1383 1258 1422 sic
1280 1383 1453 1422 definitis
1477 1383 1595 1424 fufius
1622 1383 1783 1425 Grami-

334 1453 420 1491 neis
450 1465 485 1503 p.
515 1450 561 1490 28
591 1452 630 1490 δι
657 1451 798 1489 additis
827 1449 1085 1498 seffionibus‚
1119 1450 1337 1503 Alopecuri
1371 1450 1644 1492 definitionem
1666 1465 1704 1504 p.
1729 1464 1782 1504 29

335 1518 495 1569 explent
522 1518 651 1569 gluma
681 1517 882 1567 bivalvis,
905 1516 1008 1557 calix
1034 1517 1237 1557 univalvis
1267 1519 1379 1570 apice
1401 1517 1565 1570 fimplici
1594 1518 1635 1558 &
1659 1518 1780 1559 flores

334 1584 485 1637 spicati.

388 1661 440 1703 3⁰.
475 1651 578 1691 Cum
616 1664 744 1694 tamen
780 1667 968 1706 generum
1003 1655 1218 1708 designatio
1257 1654 1446 1694 naturalis
1485 1653 1589 1706 signa
1625 1653 1779 1706 quaevis

331 1720 559 1758 communia
584 1732 666 1759 tum
691 1722 731 1759 in
757 1721 1086 1771 fruffificarione,
1110 1734 1192 1762 tum
1216 1722 1327 1761 extra
1355 1721 1532 1761 eamdem
1555 1721 1689 1761 selefflu
1708 1730 1780 1760 aut

328 1786 524 1838 exprimat
553 1799 620 1826 aut
651 1788 727 1839 jam
758 1789 796 1828 in
825 1790 966 1829 ordine
993 1790 1164 1843 expressa
1195 1789 1476 1842 subsequatur,
1505 1787 1597 1828 inde
1622 1788 1780 1841 plenior

327 1865 374 1892 ac
393 1852 602 1905 perfeffior
625 1855 679 1894 est
704 1855 952 1908 systematica
971 1871 1060 1911 quae
1084 1858 1177 1898 licet
1200 1858 1355 1898 extensa
1372 1856 1529 1896 mutilas
1546 1855 1778 1908 plerumque

328 1919 582 1961 definitiones
605 1921 786 1973 profert:
807 1923 859 1963 sic
888 1915 933 1964 in
948 1925 1113 1977 prolixis
1128 1925 1341 1978 generibus
1354 1923 1576 1963 Linnaeanis
1592 1921 1776 1975 frequen-

326 1998 387 2026 ter
422 1989 625 2028 omittitur
655 1989 861 2030 staminum
896 1991 1056 2032 insertio
1091 1992 1131 2031 ὅ(
1164 1992 1334 2032 interior
1369 1990 1517 2058 fruens
1546 1989 1775 2044 seminisque

326 2054 516 2106 struftura
544 2056 586 2096 δε
614 2057 784 2098 εειτεξῖετ
814 2058 983 2111 quilibet
1011 2061 1140 2099 extra·
1146 2059 1309 2099 floralis.

377 2134 434 2175 4⁰·
464 2122 618 2174 Agente
639 2124 807 2174 naturali
828 2125 914 2177 lege
937 2137 1139 2178 nunquam
1168 2125 1306 2165 alienae
1322 2123 1603 2164 consociantur
1624 2134 1692 2164 aut
1706 2136 1776 2164 co-

322 2188 547 2238 gnatiffimae
563 2189 840 2242 disjunguntur
856 2191 1018 2243 plantae,
1036 2201 1080 2230 ut
1098 2191 1137 2229 in
1164 2190 1434 2242 systematibus
1458 2204 1547 2244 quae
1574 2191 1772 2234 interdum

323 2255 472 2305 species
502 2258 538 2295 in
572 2257 834 2297 diverfiffimis
870 2258 1079 2297 ordinibus
1113 2258 1372 2298 dimovendas
1399 2260 1645 2311 proclamant
1670 2271 1772 2299 con-

323 2333 495 2372 generes.
523 2323 695 2364 Plurima
720 2326 759 2363 in
787 2325 979 2365 Veterum
999 2326 1154 2379 scriptis
1168 2326 1210 2365 δ(
1225 2327 1401 2379 quaedam
1422 2327 1460 2365 in
1480 2326 1770 2376 *Recentiorum

322 2392 513 2442 operibus
537 2403 553 2420 α
577 2403 796 2434 occurrunt
822 2405 963 2446 genera
990 2393 1041 2432 fic
1067 2393 1335 2442 miscellanea3
1357 2407 1429 2434 nec
1454 2395 1504 2434 ab
1522 2395 1570 2433 iis
1587 2394 1772 2434 abstinuit

369 2548 387 2565 ‘¹
416 2547 526 2585 Nulla
546 2551 690 2588 corollae
713 2552 934 2600 &germinis
961 2550 1072 2598 superi
1092 2564 1153 2588 aut
1183 2551 1289 2588 inferi
1307 2550 1428 2589 habita
1455 2552 1592 2588 ratione
1611 2551 1658 2589 D.
1680 2552 1768 2590 Iac*-

319 2610 405 2654 quin
437 2610 655 2649 Rubiaceam
682 2615 879 2660 plantulam
910 2614 1039 2662 adjecit
1066 2615 1202 2662 l‘cplidi
1235 2613 1364 2664 (infra
1384 2628 1420 2662 p.
1451 2616 1568 2663 333),
1605 2612 1769 2652 transcri-

318 2671 427 2710 bente
455 2676 601 2713 Linnaeo
620 2679 679 2724 qui
701 2678 789 2717 alibi
813 2679 980 2727 arborem
998 2680 1204 2719 Gucttarda:
1222 2691 1463 2730 congenerem
1482 2693 1516 2726 p.
1536 2692 1605 2726 207
1628 2676 1768 2717 addidit
