1845 2968
323 111 436 164 xxiv

323 199 445 247 rabile
470 205 512 250 ⁴,
535 199 698 253 simplex
717 229 730 248 ‚
755 211 837 252 205¹
868 197 1108 252 geminatum
1136 207 1204 239 aut
1228 212 1277 240 ex
1300 201 1500 254 geminato
1528 200 1631 242 male
1658 207 1767 241 comi

324 266 493 320 pofitum
517 263 533 290 ⁶
548 297 560 315 ,
586 279 667 308 non
698 265 959 320 sesquipedale
977 278 1048 306 nec
1074 266 1281 307 barbarum
1297 280 1362 308 aut
1385 266 1625 308 malefonum
1640 279 1672 317 t,
1690 279 1767 306 ποι

323 335 474 375 minans
493 331 510 360 ‘¹
536 335 669 386 potius
697 335 812 387 quam
844 332 1060 385 fignificans
1084 337 1122 381 ‘‚
1154 335 1284 386 generi
1315 337 1519 389 proprium
1552 347 1630 376 non
1656 333 1771 375 alteri

323 402 486 456 corpori
502 400 765 449 communes,
793 411 873 440 non
899 398 1058 452 syllabae
1083 400 1200 439 unius
1223 400 1420 443 additione
1439 414 1506 444 aut
1532 401 1770 442 detraaione

375 594 394 612 ⁶
419 589 496 639 Qui
526 600 659 625 novum
691 599 802 635 genus
832 585 1044 632 constituit,
1075 585 1194 624 eidem
1225 600 1362 626 nomen
1386 588 1572 634 imponere
1603 598 1742 626 tenetur
1760 615 1774 632 ,

326 655 361 698 βε
389 665 522 689 nomen
541 652 750 698 genericum
767 649 942 699 dignum,
969 650 1041 688 alio
1065 650 1148 689 licet
1175 651 1314 697 aptiore
1341 664 1415 690 non
1440 663 1639 698 permutare
1663 651 1773 698 licet,

327 713 488 752 edicente
517 714 659 750 Linnaeo
700 711 808 752 Phil.
841 712 924 752 Boc.
954 727 988 751 n.
1020 718 1101 751 218.
1129 726 1193 761 243
1219 740 1232 758 ,
1257 717 1292 750 &
1316 725 1496 752 annuente
1519 715 1775 756 Botanicorum

326 765 454 814 choro.
489 778 625 825 Legem
651 787 774 814 tamen
810 774 898 825 saepe
927 775 1074 831 infregit
1099 775 1171 823 ipse
1196 776 1376 825 legissator
1392 805 1403 821 ,
1432 775 1655 821 imitantibus
1680 776 1774 821 aliis,

325 841 438 879 Nulla
465 841 562 880 enim
595 839 700 879 causa
722 839 916 879 manifesta
945 839 994 879 est
1022 853 1087 889 ‚cur
1112 853 1210 879 nova
1234 853 1294 877 aut
1326 842 1530 889 antiquiora
1559 839 1778 887 substituerit

328 905 478 948 nomina
506 903 665 950 pluribus
695 904 716 942 a
746 903 1010 943 Tournefortio
1041 904 1133 942 datis
1166 916 1225 944 aut
1257 903 1472 942 consecratis
1496 935 1508 952 ,
1551 905 1670 951 qualia
1697 903 1779 948 sunt

327 958 524 1012 Abutiloti,
534 966 1136 1018 Acacia‚Balfi1mina,Buglofficm,
1151 965 1341 1014 Brunella,
1358 966 1782 1018 Bugula,Caprif'olium,

330 1029 432 1081 Casia
447 1060 457 1076 ,
476 1030 608 1081 cassida
625 1061 636 1076 ‚
656 1033 805 1071 Cataria
820 1064 830 1079 ‚
854 1031 1119 1084 Elyclzryfizm‚
1148 1031 1275 1080 Lappa
1296 1059 1306 1076 ,
1332 1030 1588 1082 Mandragora
1603 1061 1614 1078 ‚
1644 1029 1783 1080 Pimpi-

328 1094 424 1132 nella
435 1126 444 1141 ‚
456 1094 680 1143 Rapumium
691 1127 701 1141 ‚
722 1097 989 1148 Sphondylium
1006 1128 1016 1143 ,
1035 1096 1280 1134 stramoniam
1295 1127 1305 1142 ‚
1322 1095 1481 1146 Syringa
1498 1125 1509 1141 ‚
1527 1093 1780 1149 [T'ar'narifitus’³

334 1156 375 1194 T
369 1171 513 1204 amnas,
545 1147 813 1205 Terebz'ztlzus,
845 1158 1040 1211 Thymelaa
1065 1156 1132 1197 &a
1152 1158 1407 1210 Quorumdam
1429 1156 1539 1205 vulgo
1557 1156 1780 1195 usitatiorum

329 1219 504 1258 restitutio
525 1219 600 1259 visa
627 1221 695 1259 fuit
723 1234 928 1269 opportuna
943 1252 956 1267 ‚
979 1222 1119 1269 parcitis
1146 1234 1269 1261 tamen
1293 1220 1457 1270 agenda,
1483 1235 1527 1259 ne
1543 1219 1663 1259 delicii
1680 1219 1781 1269 labes

327 1285 366 1322 in
393 1283 578 1322 censorem
608 1286 723 1331 ipsum
751 1285 1000 1324 transferatur.

378 1347 394 1374 ὁ
422 1351 473 1386 Ut
497 1349 636 1386 corona
664 1349 766 1387 Solis
782 1381 794 1397 ,
823 1348 942 1401 Virga
966 1364 1076 1388 aurea
1093 1380 1104 1396 ,
1129 1350 1236 1391 Dens
1263 1350 1398 1388 Leonis
1415 1381 1426 1397 ,
1447 1349 1590 1400 Lingua
1607 1347 1776 1404 cervina,⁴

332 1410 604 1461 Lauro-cerastis
620 1443 630 1458 ,
659 1413 971 1451 Corallodendron.

375 1479 387 1498 ⁶
407 1477 457 1512 Ut
483 1474 986 1527 Hypoplzyllocarpodendron
1004 1506 1014 1522 ‚
1033 1475 1450 1528 Staclzyarpagoplzora,
1471 1475 1700 1524 Jabotapita.
1721 1475 1778 1514 Si«

333 1536 434 1575 milia
472 1537 635 1585 quaedatn
674 1553 719 1577 ex
746 1539 915 1581 Aubletio
941 1539 1089 1588 aliisque
1122 1553 1216 1577 nunc
1245 1553 1450 1578 mutuamur
1477 1539 1582 1577 rudia
1609 1537 1719 1578 nimis
1742 1544 1781 1579 δε
1828 1549 1831 1561 '

332 1602 368 1649 in
379 1599 559 1647 posterum
571 1602 760 1651 leviganda
771 1631 783 1648 ,
802 1602 887 1642 dum
904 1603 947 1642 de
963 1603 1059 1642 certa
1073 1603 1204 1642 horum
1222 1617 1396 1653 generum
1417 1601 1554 1642 fabrica
1569 1601 1782 1642 constiterit.

379 1662 397 1687 ά
425 1665 569 1704 Nomen
594 1668 802 1714 genericum
831 1667 954 1714 utpote
978 1681 1054 1706 non
1080 1666 1276 1711 neceffario
1292 1666 1527 1716 ⁸fignificans,
1552 1666 1782 1708 arbitrarium

335 1725 422 1764 idco
443 1726 518 1765 dari
547 1728 687 1775 potest,
722 1735 772 1768 1⁰.
796 1732 976 1777 po'e'ticum
1000 1743 1037 1768 ut
1060 1730 1204 1768 Adonis
1219 1759 1230 1774 ‚
1267 1729 1481 1778 Narciffics‚
1507 1728 1748 1781 Hyacinthus
1765 1756 1783 1785 ³,

333 1790 561 1843 Amaryllis,
594 1792 716 1830 cin-aa
737 1807 754 1838 ,·
775 1802 829 1831 20.
858 1794 1021 1832 divinum
1049 1806 1110 1833 aut
1135 1795 1299 1843 regium,
1324 1806 1362 1832 ut
1385 1793 1558 1842 Serapias
1575 1824 1588 1841 ,
1605 1793 1752 1842 Acropa
1767 1821 1783 1839 ,

335 1853 571 1894 Mercurialis
589 1887 599 1903 ,
626 1856 881 1907 Lysimachia,
905 1858 1100 1909 Artemisia
1116 1891 1126 1906 ‚
1146 1859 1338 1897 Helenium
1354 1872 1371 1904 ,-
1403 1866 1453 1905 3⁰.
1476 1871 1518 1896 ex
1534 1856 1783 1896 inventoribus

333 1927 396 1955 aut
412 1918 535 1964 primis
559 1920 697 1958 nunciis
717 1933 755 1958 ut
783 1920 987 1959 Nicotiana
1005 1953 1016 1969 ,
1047 1921 1229 1960 Cinclzona
1246 1953 1256 1968 ‚
1275 1921 1518 1966 sarraceni&
1532 1923 1589 1968 4⁰.
1611 1933 1654 1958 ex
1679 1923 1783 1958 Bota-

332 1981 429 2025 niees
455 1979 653 2019 fautoribus
677 1995 714 2020 ut
741 1982 904 2032 Eugenia
920 2015 930 2030 ,
959 1983 1144 2022 Borhonia
1165 2016 1177 2032 ,
1200 1983 1385 2036 Bignotzia
1402 2011 1414 2027 ‚
1437 1981 1617 2032 Cliffortia
1631 1995 1648 2027 ;
1670 1992 1721 2030 50.
1735 1995 1782 2020 ex

331 2044 658 2092 peregrinatoribus
689 2057 727 2082 ut
760 2044 961 2095 Banisteria
985 2078 995 2093 ,
1027 2047 1157 2096 Lippia
1187 2043 1206 2095 ,‘
1247 2047 1427 2086 Gundelia
1455 2074 1465 2089 ‚
1500 2043 1754 2094 Commersbnia
1771 2073 1784 2090 ‚

335 2105 561 2157 Dombeya;
588 2113 640 2143 60.
664 2120 707 2144 ex
735 2111 912 2146 Botanicis
940 2111 1085 2155 optimis
1111 2122 1149 2147 ut
1183 2109 1352 2158 Gesneria
1370 2137 1383 2152 ‚
1415 2108 1603 2149 solumne-²
1620 2138 1632 2154 ‚
1658 2105 1787 2156 (ιρι-

330 2168 434 2216 pitzia
449 2200 460 2215 ,
479 2168 662 2207 Baulzinia
677 2202 687 2217 ,
708 2170 934 2221 Morifimia,
963 2172 1215 2222 Tournefortia
1227 2204 1237 2219 ‚
1251 2171 1432 2210 Plumeria
1450 2203 1461 2218 ‚
1478 2171 1649 2210 Dillenia
1663 2199 1674 2215 ,
1697 2170 1785 2207 Lin-

335 2247 420 2277 naa,
429 2232 578 2281 Juffiaa,
591 2233 778 2284 Halleria,
796 2234 1024 2285 Adanfimia,
1039 2235 1066 2273 J
1067 2236 1236 2285 acquinia
1248 2233 1311 2274 ἃς.
1331 2248 1482 2283 quarum
1498 2235 1783 2282 appellationum

336 2295 358 2332 ὲ
374 2297 640 2336 Tournefortio
656 2298 813 2344 primurn
830 2297 996 2346 rarissime
1012 2297 1240 2339 admiffarum
1263 2305 1297 2337 δι
1317 2312 1400 2342 tunc
1420 2297 1700 2339 honorificatum
1720 2311 1783 2336 nu-

336 2371 451 2396 merus
483 2361 630 2398 increvit
657 2363 693 2399 in
718 2359 896 2400 infinitum
930 2361 1099 2400 abutente
1130 2364 1300 2409 Linnaeo,
1331 2365 1380 2401 ita
1409 2375 1446 2400 ut
1475 2362 1641 2406 eviluerit
1671 2359 1779 2409 decus

335 2422 419 2460 inde
447 2422 706 2461 const-starium
726 2456 736 2471 ,
771 2424 919 2463 cuilibet
946 2439 1041 2463 nunc
1076 2424 1279 2464 conccffum
1314 2424 1567 2473 Botanophilo.

382 2493 396 2510 ‘
421 2486 507 2524 Inde
528 2486 679 2524 delenda
699 2488 802 2535 ipfius
826 2488 996 2539 Gloriofiz
1010 2521 1020 2537 ‚
1041 2489 1240 2528 Mirabilis
1258 2521 1269 2536 ,
1299 2491 1527 2542 Impatiens,
1553 2489 1666 2536 verba
1693 2488 1781 2533 vere

335 2548 536 2599 adjectiva,
562 2556 595 2588 &
621 2551 755 2590 idcirco
779 2551 1002 2591 substantivis
1027 2556 1161 2600 pejora.
1193 2553 1296 2592 Plzil.
1327 2554 1415 2603 Bot„
1448 2568 1486 2601 n„
1514 2568 1597 2603 235,

382 2627 405 2662 s
417 2615 469 2652 Ut
487 2612 719 2662 Ephcmtrum
736 2646 747 2662 ‚
777 2617 926 2669 Onagra
943 2647 954 2664 ‚
973 2617 1135 2666 Elephas
1151 2650 1163 2667 ,
1197 2619 1376 2658 Auricula
1390 2649 1406 2675 ².
1434 2618 1582 2670 Sagitta
1594 2648 1607 2666 ,
1623 2617 1756 2668 Butfig.⁴
