<?xml version="1.0" encoding="UTF-8"?>
<!DOCTYPE html PUBLIC "-//W3C//DTD XHTML 1.0 Transitional//EN"
    "http://www.w3.org/TR/xhtml1/DTD/xhtml1-transitional.dtd">
<html xmlns="http://www.w3.org/1999/xhtml" xml:lang="en" lang="en">
 <head>
  <title>
</title>
<meta http-equiv="Content-Type" content="text/html;charset=utf-8" />
  <meta name='ocr-system' content='tesseract 3.04.00' />
  <meta name='ocr-capabilities' content='ocr_page ocr_carea ocr_par ocr_line ocrx_word'/>
</head>
<body>
  <div class='ocr_page' id='page_1' title='image "./generaplantarums00juss_0056.png"; bbox 0 0 1845 2968; ppageno 0'>
   <div class='ocr_carea' id='block_1_1' title="bbox 314 131 498 197">
    <p class='ocr_par' dir='ltr' id='par_1_1' title="bbox 314 131 498 197">
     <span class='ocr_line' id='line_1_1' title="bbox 314 131 498 197; baseline -0.016 -18"><span class='ocrx_word' id='word_1_1' title='bbox 314 194 316 197; x_wconf 11' lang='lat' dir='ltr'><em>r</em></span> <span class='ocrx_word' id='word_1_2' title='bbox 355 131 498 190; x_wconf 72' lang='lat' dir='ltr'>xxviij</span> 
     </span>
    </p>
   </div>
   <div class='ocr_carea' id='block_1_2' title="bbox 113 1573 323 1651">
    <p class='ocr_par' dir='ltr' id='par_1_2' title="bbox 113 1573 323 1651">
     <span class='ocr_line' id='line_1_2' title="bbox 132 1573 323 1606; baseline 0.021 -4"><span class='ocrx_word' id='word_1_3' title='bbox 132 1573 323 1606; x_wconf 70' lang='lat' dir='ltr'>Tournefor-</span> 
     </span>
     <span class='ocr_line' id='line_1_3' title="bbox 113 1618 320 1651; baseline 0.024 -5"><span class='ocrx_word' id='word_1_4' title='bbox 113 1618 146 1647; x_wconf 84' lang='lat' dir='ltr'>tii</span> <span class='ocrx_word' id='word_1_5' title='bbox 198 1621 320 1651; x_wconf 79' lang='lat' dir='ltr'>metho-</span> 
     </span>
    </p>
   </div>
   <div class='ocr_carea' id='block_1_3' title="bbox 112 1659 178 1696">
    <p class='ocr_par' dir='ltr' id='par_1_3' title="bbox 112 1659 178 1696">
     <span class='ocr_line' id='line_1_4' title="bbox 112 1659 178 1696; baseline 0.03 -5"><span class='ocrx_word' id='word_1_6' title='bbox 112 1659 178 1696; x_wconf 76' lang='lat' dir='ltr'>dus.</span> 
     </span>
    </p>
   </div>
   <div class='ocr_carea' id='block_1_4' title="bbox 354 221 1840 1617">
    <p class='ocr_par' dir='ltr' id='par_1_4' title="bbox 354 221 1840 1537">
     <span class='ocr_line' id='line_1_5' title="bbox 410 221 1807 279; baseline 0.001 -17"><span class='ocrx_word' id='word_1_7' title='bbox 410 224 485 263; x_wconf 85' lang='lat' dir='ltr'>Hae</span> <span class='ocrx_word' id='word_1_8' title='bbox 516 223 602 264; x_wconf 89' lang='lat' dir='ltr'>sunt</span> <span class='ocrx_word' id='word_1_9' title='bbox 629 223 930 278; x_wconf 74' lang='lat' dir='ltr'>compositionis</span> <span class='ocrx_word' id='word_1_10' title='bbox 959 221 1219 273; x_wconf 75' lang='lat' dir='ltr'>systematicae</span> <span class='ocrx_word' id='word_1_11' title='bbox 1245 223 1561 279; x_wconf 73' lang='lat' dir='ltr'>praeceptiones,</span> <span class='ocrx_word' id='word_1_12' title='bbox 1583 222 1807 277; x_wconf 79' lang='lat' dir='ltr'>arbitrariae</span> 
     </span>
     <span class='ocr_line' id='line_1_6' title="bbox 359 289 1804 343; baseline 0.002 -15"><span class='ocrx_word' id='word_1_13' title='bbox 359 290 516 341; x_wconf 86' lang='lat' dir='ltr'>quidem</span> <span class='ocrx_word' id='word_1_14' title='bbox 538 291 578 330; x_wconf 66' lang='grc' dir='ltr'>ὅ(</span> <span class='ocrx_word' id='word_1_15' title='bbox 598 302 746 331; x_wconf 65' lang='lat' dir='ltr'>naturae</span> <span class='ocrx_word' id='word_1_16' title='bbox 774 291 911 343; x_wconf 74' lang='lat' dir='ltr'>partim</span> <span class='ocrx_word' id='word_1_17' title='bbox 936 299 1198 340; x_wconf 82' lang='lat' dir='ltr'>repugnantes</span> <span class='ocrx_word' id='word_1_18' title='bbox 1213 320 1224 338; x_wconf 87' lang='lat'><strong>‚</strong></span> <span class='ocrx_word' id='word_1_19' title='bbox 1249 289 1313 330; x_wconf 88' lang='lat' dir='ltr'>sed</span> <span class='ocrx_word' id='word_1_20' title='bbox 1337 291 1376 330; x_wconf 89' lang='lat' dir='ltr'>in</span> <span class='ocrx_word' id='word_1_21' title='bbox 1401 291 1559 332; x_wconf 57' lang='lat' dir='ltr'>scientia</span> <span class='ocrx_word' id='word_1_22' title='bbox 1582 289 1804 331; x_wconf 66' lang='lat' dir='ltr'>adhucdum</span> 
     </span>
     <span class='ocr_line' id='line_1_7' title="bbox 358 355 1802 411; baseline 0.001 -16"><span class='ocrx_word' id='word_1_23' title='bbox 358 357 507 396; x_wconf 66' lang='lat' dir='ltr'>incerti}</span> <span class='ocrx_word' id='word_1_24' title='bbox 543 359 684 404; x_wconf 82' lang='lat' dir='ltr'>utiles,</span> <span class='ocrx_word' id='word_1_25' title='bbox 709 370 805 411; x_wconf 81' lang='lat' dir='ltr'>quas</span> <span class='ocrx_word' id='word_1_26' title='bbox 846 368 947 396; x_wconf 89' lang='lat' dir='ltr'>nunc</span> <span class='ocrx_word' id='word_1_27' title='bbox 981 355 1116 396; x_wconf 74' lang='lat' dir='ltr'>severe</span> <span class='ocrx_word' id='word_1_28' title='bbox 1151 358 1397 409; x_wconf 62' lang='lat' dir='ltr'>contrafflis,</span> <span class='ocrx_word' id='word_1_29' title='bbox 1435 371 1536 400; x_wconf 90' lang='lat' dir='ltr'>nunc</span> <span class='ocrx_word' id='word_1_30' title='bbox 1566 356 1802 400; x_wconf 77' lang='lat' dir='ltr'>remiffiores</span> 
     </span>
     <span class='ocr_line' id='line_1_8' title="bbox 357 422 1803 479; baseline -0.001 -16"><span class='ocrx_word' id='word_1_31' title='bbox 357 424 523 476; x_wconf 85' lang='lat' dir='ltr'>quilibet</span> <span class='ocrx_word' id='word_1_32' title='bbox 540 425 584 464; x_wconf 83' lang='lat' dir='ltr'>ad</span> <span class='ocrx_word' id='word_1_33' title='bbox 606 437 740 464; x_wconf 84' lang='lat' dir='ltr'>nutum</span> <span class='ocrx_word' id='word_1_34' title='bbox 770 424 880 463; x_wconf 74' lang='lat' dir='ltr'>varie</span> <span class='ocrx_word' id='word_1_35' title='bbox 906 424 1194 474; x_wconf 81' lang='lat' dir='ltr'>interpretatur.</span> <span class='ocrx_word' id='word_1_36' title='bbox 1209 422 1382 464; x_wconf 85' lang='lat' dir='ltr'>Plurima</span> <span class='ocrx_word' id='word_1_37' title='bbox 1400 425 1544 466; x_wconf 66' lang='lat' dir='ltr'>exinde</span> <span class='ocrx_word' id='word_1_38' title='bbox 1570 423 1803 479; x_wconf 87' lang='lat' dir='ltr'>prodierunt</span> 
     </span>
     <span class='ocr_line' id='line_1_9' title="bbox 362 480 1840 543; baseline 0 -14"><span class='ocrx_word' id='word_1_39' title='bbox 362 503 411 531; x_wconf 84' lang='lat' dir='ltr'>ex</span> <span class='ocrx_word' id='word_1_40' title='bbox 438 491 650 531; x_wconf 79' lang='lat' dir='ltr'>intervallo</span> <span class='ocrx_word' id='word_1_41' title='bbox 679 490 884 543; x_wconf 83' lang='lat' dir='ltr'>systemata</span> <span class='ocrx_word' id='word_1_42' title='bbox 905 520 916 537; x_wconf 90' lang='lat'>,</span> <span class='ocrx_word' id='word_1_43' title='bbox 949 489 1093 542; x_wconf 77' lang='lat' dir='ltr'>singula</span> <span class='ocrx_word' id='word_1_44' title='bbox 1124 490 1236 531; x_wconf 82' lang='lat' dir='ltr'>laude</span> <span class='ocrx_word' id='word_1_45' title='bbox 1262 490 1375 543; x_wconf 84' lang='lat' dir='ltr'>digna</span> <span class='ocrx_word' id='word_1_46' title='bbox 1404 491 1444 531; x_wconf 80' lang='grc' dir='ltr'>δι</span> <span class='ocrx_word' id='word_1_47' title='bbox 1465 503 1570 532; x_wconf 85' lang='lat' dir='ltr'>certa</span> <span class='ocrx_word' id='word_1_48' title='bbox 1599 491 1803 538; x_wconf 84' lang='lat' dir='ltr'>Automm</span> <span class='ocrx_word' id='word_1_49' title='bbox 1837 480 1840 483; x_wconf 42' lang='lat'>⁵</span> 
     </span>
     <span class='ocr_line' id='line_1_10' title="bbox 363 556 1804 611; baseline 0.001 -14"><span class='ocrx_word' id='word_1_50' title='bbox 363 559 509 610; x_wconf 85' lang='lat' dir='ltr'>ingenii</span> <span class='ocrx_word' id='word_1_51' title='bbox 532 571 575 598; x_wconf 83' lang='lat' dir='ltr'>ac</span> <span class='ocrx_word' id='word_1_52' title='bbox 602 558 787 597; x_wconf 70' lang='lat' dir='ltr'>donrinae</span> <span class='ocrx_word' id='word_1_53' title='bbox 817 556 958 596; x_wconf 85' lang='lat' dir='ltr'>indicia</span> <span class='ocrx_word' id='word_1_54' title='bbox 979 586 989 604; x_wconf 91' lang='lat'>‚</span> <span class='ocrx_word' id='word_1_55' title='bbox 1019 557 1120 597; x_wconf 88' lang='lat' dir='ltr'>nulla</span> <span class='ocrx_word' id='word_1_56' title='bbox 1149 568 1278 596; x_wconf 90' lang='lat' dir='ltr'>tamen</span> <span class='ocrx_word' id='word_1_57' title='bbox 1302 557 1493 611; x_wconf 63' lang='lat' dir='ltr'>praedietis</span> <span class='ocrx_word' id='word_1_58' title='bbox 1514 557 1680 603; x_wconf 73' lang='lat' dir='ltr'>omninb</span> <span class='ocrx_word' id='word_1_59' title='bbox 1699 569 1804 598; x_wconf 89' lang='lat' dir='ltr'>con-</span> 
     </span>
     <span class='ocr_line' id='line_1_11' title="bbox 360 623 1802 677; baseline 0 -13"><span class='ocrx_word' id='word_1_60' title='bbox 360 625 503 665; x_wconf 86' lang='lat' dir='ltr'>formia</span> <span class='ocrx_word' id='word_1_61' title='bbox 536 625 705 677; x_wconf 79' lang='lat' dir='ltr'>regulis,</span> <span class='ocrx_word' id='word_1_62' title='bbox 737 623 801 664; x_wconf 90' lang='lat' dir='ltr'>sed</span> <span class='ocrx_word' id='word_1_63' title='bbox 833 624 881 663; x_wconf 85' lang='lat' dir='ltr'>ab</span> <span class='ocrx_word' id='word_1_64' title='bbox 915 623 1048 664; x_wconf 88' lang='lat' dir='ltr'>iisdem</span> <span class='ocrx_word' id='word_1_65' title='bbox 1080 625 1166 677; x_wconf 84' lang='lat' dir='ltr'>plus</span> <span class='ocrx_word' id='word_1_66' title='bbox 1199 623 1380 665; x_wconf 80' lang='lat' dir='ltr'>minusve</span> <span class='ocrx_word' id='word_1_67' title='bbox 1419 624 1676 675; x_wconf 80' lang='lat' dir='ltr'>discedentia,</span> <span class='ocrx_word' id='word_1_68' title='bbox 1711 636 1802 677; x_wconf 81' lang='lat' dir='ltr'>quae</span> 
     </span>
     <span class='ocr_line' id='line_1_12' title="bbox 358 689 1804 745; baseline -0.001 -13"><span class='ocrx_word' id='word_1_69' title='bbox 358 692 450 732; x_wconf 89' lang='lat' dir='ltr'>hinc</span> <span class='ocrx_word' id='word_1_70' title='bbox 469 692 629 731; x_wconf 79' lang='lat' dir='ltr'>diversis</span> <span class='ocrx_word' id='word_1_71' title='bbox 645 691 793 733; x_wconf 58' lang='lat' dir='ltr'>addida</span> <span class='ocrx_word' id='word_1_72' title='bbox 812 692 986 744; x_wconf 87' lang='lat' dir='ltr'>partibus</span> <span class='ocrx_word' id='word_1_73' title='bbox 1014 692 1195 733; x_wconf 86' lang='lat' dir='ltr'>diversos</span> <span class='ocrx_word' id='word_1_74' title='bbox 1218 705 1355 733; x_wconf 77' lang='lat' dir='ltr'>earum</span> <span class='ocrx_word' id='word_1_75' title='bbox 1378 692 1522 732; x_wconf 90' lang='lat' dir='ltr'>modos</span> <span class='ocrx_word' id='word_1_76' title='bbox 1541 689 1804 745; x_wconf 79' lang='lat' dir='ltr'>plurimasque</span> 
     </span>
     <span class='ocr_line' id='line_1_13' title="bbox 359 757 1803 811; baseline 0.001 -15"><span class='ocrx_word' id='word_1_77' title='bbox 359 769 536 810; x_wconf 77' lang='lat' dir='ltr'>retegunt</span> <span class='ocrx_word' id='word_1_78' title='bbox 568 759 777 798; x_wconf 75' lang='lat' dir='ltr'>affinitates</span> <span class='ocrx_word' id='word_1_79' title='bbox 814 771 956 811; x_wconf 78' lang='lat' dir='ltr'>magno</span> <span class='ocrx_word' id='word_1_80' title='bbox 986 758 1158 798; x_wconf 82' lang='lat' dir='ltr'>scientiae</span> <span class='ocrx_word' id='word_1_81' title='bbox 1189 760 1487 807; x_wconf 88' lang='lat' dir='ltr'>emolumento,</span> <span class='ocrx_word' id='word_1_82' title='bbox 1519 758 1624 801; x_wconf 79' lang='lat' dir='ltr'>illinc</span> <span class='ocrx_word' id='word_1_83' title='bbox 1650 771 1701 801; x_wconf 84' lang='lat' dir='ltr'>ex</span> <span class='ocrx_word' id='word_1_84' title='bbox 1727 757 1803 798; x_wconf 84' lang='lat' dir='ltr'>ad-</span> 
     </span>
     <span class='ocr_line' id='line_1_14' title="bbox 355 823 1807 879; baseline 0.002 -16"><span class='ocrx_word' id='word_1_85' title='bbox 355 825 474 864; x_wconf 83' lang='lat' dir='ltr'>verso</span> <span class='ocrx_word' id='word_1_86' title='bbox 497 825 740 865; x_wconf 74' lang='lat' dir='ltr'>instabilibus</span> <span class='ocrx_word' id='word_1_87' title='bbox 767 827 898 866; x_wconf 81' lang='lat' dir='ltr'>innixa</span> <span class='ocrx_word' id='word_1_88' title='bbox 921 826 1126 879; x_wconf 80' lang='lat' dir='ltr'>principiis</span> <span class='ocrx_word' id='word_1_89' title='bbox 1148 826 1366 865; x_wconf 68' lang='lat' dir='ltr'>arbitrariae</span> <span class='ocrx_word' id='word_1_90' title='bbox 1388 826 1485 878; x_wconf 86' lang='lat' dir='ltr'>legis</span> <span class='ocrx_word' id='word_1_91' title='bbox 1511 826 1654 867; x_wconf 84' lang='lat' dir='ltr'>vitium</span> <span class='ocrx_word' id='word_1_92' title='bbox 1677 823 1807 866; x_wconf 81' lang='lat' dir='ltr'>scien-</span> 
     </span>
     <span class='ocr_line' id='line_1_15' title="bbox 354 890 1805 946; baseline 0.001 -16"><span class='ocrx_word' id='word_1_93' title='bbox 354 892 502 945; x_wconf 79' lang='lat' dir='ltr'>tiaeque</span> <span class='ocrx_word' id='word_1_94' title='bbox 545 893 761 933; x_wconf 83' lang='lat' dir='ltr'>artificialis</span> <span class='ocrx_word' id='word_1_95' title='bbox 807 894 1036 933; x_wconf 86' lang='lat' dir='ltr'>tenuitatem</span> <span class='ocrx_word' id='word_1_96' title='bbox 1078 890 1286 933; x_wconf 86' lang='lat' dir='ltr'>evidenter</span> <span class='ocrx_word' id='word_1_97' title='bbox 1316 892 1568 933; x_wconf 84' lang='lat' dir='ltr'>manifestant.</span> <span class='ocrx_word' id='word_1_98' title='bbox 1609 891 1805 946; x_wconf 75' lang='lat' dir='ltr'>Singulari</span> 
     </span>
     <span class='ocr_line' id='line_1_16' title="bbox 354 960 1801 1015; baseline 0.001 -15"><span class='ocrx_word' id='word_1_99' title='bbox 354 960 532 1000; x_wconf 85' lang='lat' dir='ltr'>omnium</span> <span class='ocrx_word' id='word_1_100' title='bbox 556 961 799 1011; x_wconf 71' lang='lat' dir='ltr'>judicatione</span> <span class='ocrx_word' id='word_1_101' title='bbox 819 961 1121 1003; x_wconf 83' lang='lat' dir='ltr'>confirmaretur</span> <span class='ocrx_word' id='word_1_102' title='bbox 1149 961 1350 1015; x_wconf 82' lang='lat' dir='ltr'>praemissae</span> <span class='ocrx_word' id='word_1_103' title='bbox 1373 961 1591 1001; x_wconf 77' lang='lat' dir='ltr'>afferrionis</span> <span class='ocrx_word' id='word_1_104' title='bbox 1619 961 1801 1007; x_wconf 83' lang='lat' dir='ltr'>veritas,</span> 
     </span>
     <span class='ocr_line' id='line_1_17' title="bbox 355 1025 1804 1080; baseline 0.003 -15"><span class='ocrx_word' id='word_1_105' title='bbox 355 1025 418 1066; x_wconf 83' lang='lat' dir='ltr'>sed</span> <span class='ocrx_word' id='word_1_106' title='bbox 454 1029 490 1066; x_wconf 85' lang='lat' dir='ltr'>in</span> <span class='ocrx_word' id='word_1_107' title='bbox 519 1028 566 1066; x_wconf 86' lang='lat' dir='ltr'>iis</span> <span class='ocrx_word' id='word_1_108' title='bbox 592 1027 781 1080; x_wconf 72' lang='lat' dir='ltr'>sigillatim</span> <span class='ocrx_word' id='word_1_109' title='bbox 817 1028 986 1070; x_wconf 81' lang='lat' dir='ltr'>fissendis</span> <span class='ocrx_word' id='word_1_110' title='bbox 1008 1042 1054 1070; x_wconf 84' lang='lat' dir='ltr'>ac</span> <span class='ocrx_word' id='word_1_111' title='bbox 1081 1029 1328 1070; x_wconf 85' lang='lat' dir='ltr'>discutiendis</span> <span class='ocrx_word' id='word_1_112' title='bbox 1352 1035 1369 1052; x_wconf 67' lang='lat'><em>⁶</em></span> <span class='ocrx_word' id='word_1_113' title='bbox 1397 1029 1602 1070; x_wconf 82' lang='lat' dir='ltr'>immorari</span> <span class='ocrx_word' id='word_1_114' title='bbox 1628 1041 1708 1069; x_wconf 91' lang='lat' dir='ltr'>non</span> <span class='ocrx_word' id='word_1_115' title='bbox 1737 1041 1804 1069; x_wconf 84' lang='lat' dir='ltr'>ex-</span> 
     </span>
     <span class='ocr_line' id='line_1_18' title="bbox 354 1094 1804 1147; baseline 0.001 -14"><span class='ocrx_word' id='word_1_116' title='bbox 354 1094 490 1146; x_wconf 83' lang='lat' dir='ltr'>pedit,</span> <span class='ocrx_word' id='word_1_117' title='bbox 521 1107 571 1134; x_wconf 87' lang='lat' dir='ltr'>ne</span> <span class='ocrx_word' id='word_1_118' title='bbox 605 1095 771 1135; x_wconf 77' lang='lat' dir='ltr'>nimium</span> <span class='ocrx_word' id='word_1_119' title='bbox 802 1096 1042 1147; x_wconf 76' lang='lat' dir='ltr'>producatur</span> <span class='ocrx_word' id='word_1_120' title='bbox 1075 1096 1204 1136; x_wconf 85' lang='lat' dir='ltr'>sermo</span> <span class='ocrx_word' id='word_1_121' title='bbox 1241 1095 1533 1137; x_wconf 81' lang='lat' dir='ltr'>contrahendus</span> <span class='ocrx_word' id='word_1_122' title='bbox 1565 1097 1606 1138; x_wconf 76' lang='grc' dir='ltr'>δι</span> <span class='ocrx_word' id='word_1_123' title='bbox 1634 1096 1673 1135; x_wconf 90' lang='lat' dir='ltr'>in</span> <span class='ocrx_word' id='word_1_124' title='bbox 1704 1095 1804 1136; x_wconf 71' lang='lat' dir='ltr'>alias</span> 
     </span>
     <span class='ocr_line' id='line_1_19' title="bbox 356 1162 1801 1216; baseline 0.002 -17"><span class='ocrx_word' id='word_1_125' title='bbox 356 1162 828 1203; x_wconf 64' lang='lat' dir='ltr'>utiliter‘convertendus</span> <span class='ocrx_word' id='word_1_126' title='bbox 856 1162 1142 1202; x_wconf 81' lang='lat' dir='ltr'>meditationes.</span> <span class='ocrx_word' id='word_1_127' title='bbox 1176 1162 1351 1204; x_wconf 84' lang='lat' dir='ltr'>Sufficiet</span> <span class='ocrx_word' id='word_1_128' title='bbox 1385 1175 1582 1216; x_wconf 86' lang='lat' dir='ltr'>utcunque</span> <span class='ocrx_word' id='word_1_129' title='bbox 1607 1162 1801 1216; x_wconf 79' lang='lat' dir='ltr'>systema·-</span> 
     </span>
     <span class='ocr_line' id='line_1_20' title="bbox 356 1227 1800 1280; baseline 0.001 -13"><span class='ocrx_word' id='word_1_130' title='bbox 356 1238 441 1267; x_wconf 89' lang='lat' dir='ltr'>tum</span> <span class='ocrx_word' id='word_1_131' title='bbox 468 1228 568 1268; x_wconf 84' lang='lat' dir='ltr'>inter</span> <span class='ocrx_word' id='word_1_132' title='bbox 597 1228 730 1267; x_wconf 81' lang='lat' dir='ltr'>omnia</span> <span class='ocrx_word' id='word_1_133' title='bbox 757 1230 867 1268; x_wconf 79' lang='lat' dir='ltr'>certo</span> <span class='ocrx_word' id='word_1_134' title='bbox 889 1230 1177 1280; x_wconf 81' lang='lat' dir='ltr'>praecipuorum</span> <span class='ocrx_word' id='word_1_135' title='bbox 1195 1259 1207 1277; x_wconf 86' lang='lat'>‚</span> <span class='ocrx_word' id='word_1_136' title='bbox 1233 1227 1556 1272; x_wconf 76' lang='lat' dir='ltr'>Tournefortiani</span> <span class='ocrx_word' id='word_1_137' title='bbox 1587 1227 1727 1280; x_wconf 74' lang='lat' dir='ltr'>nempe</span> <span class='ocrx_word' id='word_1_138' title='bbox 1757 1228 1800 1268; x_wconf 76' lang='grc' dir='ltr'>ὃ(</span> 
     </span>
     <span class='ocr_line' id='line_1_21' title="bbox 354 1296 1802 1351; baseline 0.001 -16"><span class='ocrx_word' id='word_1_139' title='bbox 354 1296 585 1344; x_wconf 82' lang='lat' dir='ltr'>Linnaeani‚</span> <span class='ocrx_word' id='word_1_140' title='bbox 616 1296 765 1336; x_wconf 84' lang='lat' dir='ltr'>fincera</span> <span class='ocrx_word' id='word_1_141' title='bbox 784 1296 980 1349; x_wconf 81' lang='lat' dir='ltr'>expofitio</span> <span class='ocrx_word' id='word_1_142' title='bbox 1005 1296 1047 1338; x_wconf 72' lang='grc' dir='ltr'>δε</span> <span class='ocrx_word' id='word_1_143' title='bbox 1074 1296 1238 1338; x_wconf 79' lang='lat' dir='ltr'>collatio</span> <span class='ocrx_word' id='word_1_144' title='bbox 1267 1308 1400 1336; x_wconf 81' lang='lat' dir='ltr'>mutua</span> <span class='ocrx_word' id='word_1_145' title='bbox 1430 1296 1470 1336; x_wconf 76' lang='grc' dir='ltr'>δι</span> <span class='ocrx_word' id='word_1_146' title='bbox 1494 1309 1606 1349; x_wconf 81' lang='lat' dir='ltr'>aequa</span> <span class='ocrx_word' id='word_1_147' title='bbox 1637 1308 1802 1351; x_wconf 85' lang='lat' dir='ltr'>perpen-</span> 
     </span>
     <span class='ocr_line' id='line_1_22' title="bbox 356 1361 1801 1416; baseline 0.002 -16"><span class='ocrx_word' id='word_1_148' title='bbox 356 1361 486 1408; x_wconf 83' lang='lat' dir='ltr'>satio,</span> <span class='ocrx_word' id='word_1_149' title='bbox 516 1363 658 1415; x_wconf 82' lang='lat' dir='ltr'>quibus</span> <span class='ocrx_word' id='word_1_150' title='bbox 687 1376 736 1402; x_wconf 87' lang='lat' dir='ltr'>ex</span> <span class='ocrx_word' id='word_1_151' title='bbox 764 1363 919 1416; x_wconf 84' lang='lat' dir='ltr'>integro</span> <span class='ocrx_word' id='word_1_152' title='bbox 941 1363 1110 1415; x_wconf 78' lang='lat' dir='ltr'>cognitis</span> <span class='ocrx_word' id='word_1_153' title='bbox 1134 1363 1328 1415; x_wconf 80' lang='lat' dir='ltr'>patescent</span> <span class='ocrx_word' id='word_1_154' title='bbox 1356 1361 1559 1415; x_wconf 84' lang='lat' dir='ltr'>utriusque</span> <span class='ocrx_word' id='word_1_155' title='bbox 1589 1361 1801 1403; x_wconf 80' lang='lat' dir='ltr'>commoda</span> 
     </span>
     <span class='ocr_line' id='line_1_23' title="bbox 355 1428 1797 1484; baseline -0.001 -15"><span class='ocrx_word' id='word_1_156' title='bbox 355 1429 397 1469; x_wconf 85' lang='lat'>&amp;</span> <span class='ocrx_word' id='word_1_157' title='bbox 434 1429 714 1476; x_wconf 79' lang='lat' dir='ltr'>incommoda,</span> <span class='ocrx_word' id='word_1_158' title='bbox 748 1442 792 1470; x_wconf 84' lang='lat' dir='ltr'>ac</span> <span class='ocrx_word' id='word_1_159' title='bbox 826 1429 988 1470; x_wconf 88' lang='lat' dir='ltr'>subinde</span> <span class='ocrx_word' id='word_1_160' title='bbox 1025 1430 1148 1469; x_wconf 81' lang='lat' dir='ltr'>totius</span> <span class='ocrx_word' id='word_1_161' title='bbox 1182 1430 1292 1470; x_wconf 74' lang='lat' dir='ltr'>simul</span> <span class='ocrx_word' id='word_1_162' title='bbox 1325 1429 1598 1484; x_wconf 81' lang='lat' dir='ltr'>systematicae</span> <span class='ocrx_word' id='word_1_163' title='bbox 1611 1428 1797 1472; x_wconf 67' lang='lat' dir='ltr'>doarinae</span> 
     </span>
     <span class='ocr_line' id='line_1_24' title="bbox 355 1495 1212 1537; baseline 0.002 -2"><span class='ocrx_word' id='word_1_164' title='bbox 355 1495 500 1535; x_wconf 81' lang='lat' dir='ltr'>utilitas</span> <span class='ocrx_word' id='word_1_165' title='bbox 527 1496 567 1534; x_wconf 66' lang='grc' dir='ltr'>δι</span> <span class='ocrx_word' id='word_1_166' title='bbox 593 1498 730 1536; x_wconf 81' lang='lat' dir='ltr'>merita</span> <span class='ocrx_word' id='word_1_167' title='bbox 757 1496 942 1536; x_wconf 80' lang='lat' dir='ltr'>stabiliter</span> <span class='ocrx_word' id='word_1_168' title='bbox 964 1496 1212 1537; x_wconf 83' lang='lat' dir='ltr'>definientur.</span> 
     </span>
    </p>

    <p class='ocr_par' dir='ltr' id='par_1_5' title="bbox 403 1563 1798 1617">
     <span class='ocr_line' id='line_1_25' title="bbox 403 1563 1798 1617; baseline 0.002 -16"><span class='ocrx_word' id='word_1_169' title='bbox 403 1563 487 1616; x_wconf 83' lang='lat' dir='ltr'>Qui</span> <span class='ocrx_word' id='word_1_170' title='bbox 514 1564 613 1616; x_wconf 84' lang='lat' dir='ltr'>prin</span> <span class='ocrx_word' id='word_1_171' title='bbox 606 1577 663 1603; x_wconf 87' lang='lat' dir='ltr'>us</span> <span class='ocrx_word' id='word_1_172' title='bbox 686 1565 842 1617; x_wconf 84' lang='lat' dir='ltr'>aptiora</span> <span class='ocrx_word' id='word_1_173' title='bbox 866 1563 1060 1603; x_wconf 66' lang='lat' dir='ltr'>construxi</span> <span class='ocrx_word' id='word_1_174' title='bbox 1065 1575 1079 1602; x_wconf 89' lang='lat' dir='ltr'>t</span> <span class='ocrx_word' id='word_1_175' title='bbox 1103 1576 1244 1616; x_wconf 73' lang='lat' dir='ltr'>genera</span> <span class='ocrx_word' id='word_1_176' title='bbox 1270 1563 1582 1604; x_wconf 87' lang='lat' dir='ltr'>Tournefortius</span> <span class='ocrx_word' id='word_1_177' title='bbox 1607 1564 1646 1604; x_wconf 87' lang='lat' dir='ltr'>in</span> <span class='ocrx_word' id='word_1_178' title='bbox 1673 1563 1798 1606; x_wconf 80' lang='lat' dir='ltr'>horto</span> 
     </span>
    </p>
   </div>
   <div class='ocr_carea' id='block_1_5' title="bbox 340 1740 1801 2557">
    <p class='ocr_par' dir='ltr' id='par_1_6' title="bbox 340 1740 1801 2557">
     <span class='ocr_line' id='line_1_26' title="bbox 396 1740 1796 1792; baseline 0.004 -15"><span class='ocrx_word' id='word_1_179' title='bbox 396 1744 413 1762; x_wconf 81' lang='lat'>¹¹</span> <span class='ocrx_word' id='word_1_180' title='bbox 442 1740 664 1791; x_wconf 84' lang='lat' dir='ltr'>Quindecim</span> <span class='ocrx_word' id='word_1_181' title='bbox 694 1755 948 1782; x_wconf 82' lang='lat' dir='ltr'>enumerantur</span> <span class='ocrx_word' id='word_1_182' title='bbox 968 1744 986 1781; x_wconf 78' lang='grc' dir='ltr'>ὲ</span> <span class='ocrx_word' id='word_1_183' title='bbox 1012 1746 1155 1784; x_wconf 76' lang='lat' dir='ltr'>Linnaeo</span> <span class='ocrx_word' id='word_1_184' title='bbox 1176 1747 1190 1789; x_wconf 84' lang='grc'>&lt;</span> <span class='ocrx_word' id='word_1_185' title='bbox 1208 1743 1311 1792; x_wconf 75' lang='lat' dir='ltr'><em>Claff.</em></span> <span class='ocrx_word' id='word_1_186' title='bbox 1337 1743 1463 1782; x_wconf 81' lang='lat' dir='ltr'>Plant.</span> <span class='ocrx_word' id='word_1_187' title='bbox 1483 1747 1520 1791; x_wconf 88' lang='lat'>),</span> <span class='ocrx_word' id='word_1_188' title='bbox 1545 1742 1713 1792; x_wconf 82' lang='lat' dir='ltr'>disposita</span> <span class='ocrx_word' id='word_1_189' title='bbox 1734 1757 1796 1783; x_wconf 81' lang='lat' dir='ltr'>ra-</span> 
     </span>
     <span class='ocr_line' id='line_1_27' title="bbox 347 1805 1801 1855; baseline 0.005 -15"><span class='ocrx_word' id='word_1_190' title='bbox 347 1806 446 1841; x_wconf 86' lang='lat' dir='ltr'>tione</span> <span class='ocrx_word' id='word_1_191' title='bbox 472 1807 600 1852; x_wconf 76' lang='lat' dir='ltr'>organi</span> <span class='ocrx_word' id='word_1_192' title='bbox 629 1805 844 1845; x_wconf 87' lang='lat' dir='ltr'>methodum</span> <span class='ocrx_word' id='word_1_193' title='bbox 866 1809 1039 1854; x_wconf 75' lang='lat' dir='ltr'>praecipue</span> <span class='ocrx_word' id='word_1_194' title='bbox 1066 1807 1279 1847; x_wconf 88' lang='lat' dir='ltr'>definientis.</span> <span class='ocrx_word' id='word_1_195' title='bbox 1309 1812 1397 1847; x_wconf 88' lang='lat' dir='ltr'>Suos</span> <span class='ocrx_word' id='word_1_196' title='bbox 1418 1807 1436 1845; x_wconf 78' lang='grc' dir='ltr'>ὲ</span> <span class='ocrx_word' id='word_1_197' title='bbox 1455 1806 1572 1845; x_wconf 64' lang='lat' dir='ltr'>fructu</span> <span class='ocrx_word' id='word_1_198' title='bbox 1598 1808 1801 1855; x_wconf 72' lang='lat' dir='ltr'>praeprimis</span> 
     </span>
     <span class='ocr_line' id='line_1_28' title="bbox 345 1859 1794 1920; baseline 0.004 -16"><span class='ocrx_word' id='word_1_199' title='bbox 345 1859 599 1915; x_wconf 53' lang='lat' dir='ltr'>dflomps‘ere</span> <span class='ocrx_word' id='word_1_200' title='bbox 639 1872 835 1909; x_wconf 67' lang='lat' dir='ltr'>caracteres</span> <span class='ocrx_word' id='word_1_201' title='bbox 864 1872 1083 1920; x_wconf 82' lang='lat' dir='ltr'>Caesalpinus</span> <span class='ocrx_word' id='word_1_202' title='bbox 1113 1886 1211 1910; x_wconf 87' lang='lat' dir='ltr'>anno</span> <span class='ocrx_word' id='word_1_203' title='bbox 1248 1877 1331 1920; x_wconf 86' lang='lat'>1583</span> <span class='ocrx_word' id='word_1_204' title='bbox 1363 1902 1374 1917; x_wconf 88' lang='lat'><em>‚</em></span> <span class='ocrx_word' id='word_1_205' title='bbox 1409 1868 1629 1910; x_wconf 86' lang='lat' dir='ltr'>Morisonius</span> <span class='ocrx_word' id='word_1_206' title='bbox 1668 1877 1794 1918; x_wconf 75' lang='lat'>1680,</span> 
     </span>
     <span class='ocr_line' id='line_1_29' title="bbox 345 1933 1798 1984; baseline 0.003 -16"><span class='ocrx_word' id='word_1_207' title='bbox 345 1934 458 1969; x_wconf 76' lang='lat' dir='ltr'>Ra&#39;i&#39;us</span> <span class='ocrx_word' id='word_1_208' title='bbox 492 1937 605 1980; x_wconf 84' lang='lat'>1682,</span> <span class='ocrx_word' id='word_1_209' title='bbox 639 1933 846 1983; x_wconf 80' lang='lat' dir='ltr'>christoph.</span> <span class='ocrx_word' id='word_1_210' title='bbox 875 1938 1050 1975; x_wconf 86' lang='lat' dir='ltr'>Knautius</span> <span class='ocrx_word' id='word_1_211' title='bbox 1087 1943 1205 1984; x_wconf 87' lang='lat'><strong>1687,</strong></span> <span class='ocrx_word' id='word_1_212' title='bbox 1230 1939 1462 1974; x_wconf 87' lang='lat' dir='ltr'>Hermannus</span> <span class='ocrx_word' id='word_1_213' title='bbox 1493 1944 1610 1980; x_wconf 87' lang='lat'>1690,</span> <span class='ocrx_word' id='word_1_214' title='bbox 1635 1933 1798 1973; x_wconf 86' lang='lat' dir='ltr'>Boerha-</span> 
     </span>
     <span class='ocr_line' id='line_1_30' title="bbox 342 1996 1792 2049; baseline 0.003 -17"><span class='ocrx_word' id='word_1_215' title='bbox 342 1996 441 2032; x_wconf 86' lang='lat' dir='ltr'>avius</span> <span class='ocrx_word' id='word_1_216' title='bbox 468 2005 585 2041; x_wconf 83' lang='lat'><em>17103</em></span> <span class='ocrx_word' id='word_1_217' title='bbox 612 1996 632 2034; x_wconf 62' lang='lat' dir='ltr'>‘a</span> <span class='ocrx_word' id='word_1_218' title='bbox 657 1999 765 2037; x_wconf 73' lang='lat' dir='ltr'>calice</span> <span class='ocrx_word' id='word_1_219' title='bbox 796 2002 1004 2049; x_wconf 82' lang='lat' dir='ltr'>Magnolius</span> <span class='ocrx_word' id='word_1_220' title='bbox 1034 2015 1125 2043; x_wconf 82' lang='lat'><em>1720</em></span> <span class='ocrx_word' id='word_1_221' title='bbox 1143 2033 1154 2049; x_wconf 91' lang='lat'>,</span> <span class='ocrx_word' id='word_1_222' title='bbox 1183 2003 1346 2039; x_wconf 84' lang='lat' dir='ltr'>Linnaeus</span> <span class='ocrx_word' id='word_1_223' title='bbox 1375 2013 1492 2046; x_wconf 81' lang='lat'>1737;</span> <span class='ocrx_word' id='word_1_224' title='bbox 1511 1999 1530 2036; x_wconf 72' lang='grc' dir='ltr'>ὲ</span> <span class='ocrx_word' id='word_1_225' title='bbox 1559 1997 1697 2036; x_wconf 58' lang='lat' dir='ltr'>corolla</span> <span class='ocrx_word' id='word_1_226' title='bbox 1722 1999 1792 2037; x_wconf 87' lang='lat' dir='ltr'>Ri-</span> 
     </span>
     <span class='ocr_line' id='line_1_31' title="bbox 340 2061 1788 2113; baseline 0.003 -17"><span class='ocrx_word' id='word_1_227' title='bbox 340 2061 442 2099; x_wconf 88' lang='lat' dir='ltr'>vinus</span> <span class='ocrx_word' id='word_1_228' title='bbox 461 2068 575 2107; x_wconf 90' lang='lat'>1690,</span> <span class='ocrx_word' id='word_1_229' title='bbox 604 2063 886 2102; x_wconf 82' lang='lat' dir='ltr'>Tournefortius</span> <span class='ocrx_word' id='word_1_230' title='bbox 914 2073 1005 2113; x_wconf 82' lang='lat'><em>1694</em></span> <span class='ocrx_word' id='word_1_231' title='bbox 1023 2097 1033 2112; x_wconf 95' lang='lat'><strong>,</strong></span> <span class='ocrx_word' id='word_1_232' title='bbox 1061 2065 1252 2105; x_wconf 83' lang='lat' dir='ltr'>Christian.</span> <span class='ocrx_word' id='word_1_233' title='bbox 1276 2065 1448 2103; x_wconf 85' lang='lat' dir='ltr'>Knautius</span> <span class='ocrx_word' id='word_1_234' title='bbox 1479 2070 1593 2110; x_wconf 87' lang='lat'>1716,</span> <span class='ocrx_word' id='word_1_235' title='bbox 1621 2063 1788 2110; x_wconf 83' lang='lat' dir='ltr'>Ruppius</span> 
     </span>
     <span class='ocr_line' id='line_1_32' title="bbox 344 2126 1793 2177; baseline 0.003 -16"><span class='ocrx_word' id='word_1_236' title='bbox 344 2130 435 2171; x_wconf 77' lang='grc'><strong>1718</strong></span> <span class='ocrx_word' id='word_1_237' title='bbox 457 2153 470 2168; x_wconf 92' lang='lat'><em>,</em></span> <span class='ocrx_word' id='word_1_238' title='bbox 500 2126 703 2164; x_wconf 86' lang='lat' dir='ltr'>Pontedera</span> <span class='ocrx_word' id='word_1_239' title='bbox 733 2141 849 2175; x_wconf 78' lang='lat'>¹720,</span> <span class='ocrx_word' id='word_1_240' title='bbox 878 2130 1083 2177; x_wconf 72' lang='lat' dir='ltr'>Ludwigius</span> <span class='ocrx_word' id='word_1_241' title='bbox 1109 2143 1221 2176; x_wconf 80' lang='lat'>17373</span> <span class='ocrx_word' id='word_1_242' title='bbox 1250 2129 1270 2167; x_wconf 80' lang='grc' dir='ltr'>Ξι</span> <span class='ocrx_word' id='word_1_243' title='bbox 1297 2127 1504 2167; x_wconf 85' lang='lat' dir='ltr'>staminibus</span> <span class='ocrx_word' id='word_1_244' title='bbox 1530 2135 1564 2168; x_wconf 87' lang='lat'>&amp;</span> <span class='ocrx_word' id='word_1_245' title='bbox 1588 2128 1793 2175; x_wconf 75' lang='lat' dir='ltr'>plantarum</span> 
     </span>
     <span class='ocr_line' id='line_1_33' title="bbox 340 2186 1790 2240; baseline 0.004 -15"><span class='ocrx_word' id='word_1_246' title='bbox 340 2186 422 2226; x_wconf 87' lang='lat' dir='ltr'>sexu</span> <span class='ocrx_word' id='word_1_247' title='bbox 452 2190 614 2226; x_wconf 79' lang='lat' dir='ltr'>Linnaeus</span> <span class='ocrx_word' id='word_1_248' title='bbox 647 2203 747 2239; x_wconf 84' lang='lat'>1735.</span> <span class='ocrx_word' id='word_1_249' title='bbox 773 2193 917 2240; x_wconf 82' lang='lat' dir='ltr'>Singula</span> <span class='ocrx_word' id='word_1_250' title='bbox 945 2190 1018 2230; x_wconf 72' lang='lat' dir='ltr'>hoec</span> <span class='ocrx_word' id='word_1_251' title='bbox 1045 2194 1080 2229; x_wconf 88' lang='lat' dir='ltr'>in</span> <span class='ocrx_word' id='word_1_252' title='bbox 1104 2192 1272 2239; x_wconf 69' lang='lat' dir='ltr'>praedisto</span> <span class='ocrx_word' id='word_1_253' title='bbox 1295 2206 1402 2239; x_wconf 88' lang='lat' dir='ltr'>opere</span> <span class='ocrx_word' id='word_1_254' title='bbox 1425 2191 1617 2239; x_wconf 78' lang='lat' dir='ltr'>systemata</span> <span class='ocrx_word' id='word_1_255' title='bbox 1633 2191 1790 2231; x_wconf 66' lang='lat' dir='ltr'>seorsum</span> 
     </span>
     <span class='ocr_line' id='line_1_34' title="bbox 342 2252 1792 2304; baseline 0.006 -17"><span class='ocrx_word' id='word_1_256' title='bbox 342 2252 422 2297; x_wconf 74' lang='lat' dir='ltr'>apte</span> <span class='ocrx_word' id='word_1_257' title='bbox 450 2252 672 2292; x_wconf 79' lang='lat' dir='ltr'>delineantur</span> <span class='ocrx_word' id='word_1_258' title='bbox 699 2253 797 2292; x_wconf 84' lang='lat' dir='ltr'>facili</span> <span class='ocrx_word' id='word_1_259' title='bbox 825 2258 974 2304; x_wconf 84' lang='lat' dir='ltr'>negotio</span> <span class='ocrx_word' id='word_1_260' title='bbox 1000 2255 1241 2302; x_wconf 77' lang='lat' dir='ltr'>percipienda.</span> <span class='ocrx_word' id='word_1_261' title='bbox 1273 2255 1497 2295; x_wconf 83' lang='lat' dir='ltr'>Adansonius</span> <span class='ocrx_word' id='word_1_262' title='bbox 1527 2256 1656 2295; x_wconf 86' lang='lat' dir='ltr'>cadem</span> <span class='ocrx_word' id='word_1_263' title='bbox 1684 2270 1792 2296; x_wconf 87' lang='lat' dir='ltr'>com·</span> 
     </span>
     <span class='ocr_line' id='line_1_35' title="bbox 341 2317 1797 2367; baseline 0.005 -16"><span class='ocrx_word' id='word_1_264' title='bbox 341 2327 520 2353; x_wconf 81' lang='lat' dir='ltr'>memorat</span> <span class='ocrx_word' id='word_1_265' title='bbox 536 2320 550 2362; x_wconf 92' lang='lat'>(</span> <span class='ocrx_word' id='word_1_266' title='bbox 564 2317 699 2356; x_wconf 76' lang='lat' dir='ltr'>famil.</span> <span class='ocrx_word' id='word_1_267' title='bbox 713 2317 843 2356; x_wconf 81' lang='lat' dir='ltr'>Plant.</span> <span class='ocrx_word' id='word_1_268' title='bbox 859 2322 875 2365; x_wconf 86' lang='lat'>)</span> <span class='ocrx_word' id='word_1_269' title='bbox 895 2351 904 2365; x_wconf 92' lang='lat'>‚</span> <span class='ocrx_word' id='word_1_270' title='bbox 919 2317 1048 2358; x_wconf 75' lang='lat' dir='ltr'>additis</span> <span class='ocrx_word' id='word_1_271' title='bbox 1067 2321 1143 2357; x_wconf 84' lang='lat' dir='ltr'>aliis</span> <span class='ocrx_word' id='word_1_272' title='bbox 1160 2320 1418 2358; x_wconf 85' lang='lat' dir='ltr'>recentioribus</span> <span class='ocrx_word' id='word_1_273' title='bbox 1433 2321 1583 2358; x_wconf 75' lang='lat' dir='ltr'>exaratis</span> <span class='ocrx_word' id='word_1_274' title='bbox 1601 2319 1797 2367; x_wconf 54' lang='lat' dir='ltr'>{Royeno</span> 
     </span>
     <span class='ocr_line' id='line_1_36' title="bbox 346 2381 1788 2433; baseline 0.006 -19"><span class='ocrx_word' id='word_1_275' title='bbox 346 2390 435 2424; x_wconf 83' lang='lat'>1740</span> <span class='ocrx_word' id='word_1_276' title='bbox 451 2407 460 2421; x_wconf 95' lang='lat'>‚</span> <span class='ocrx_word' id='word_1_277' title='bbox 488 2381 639 2418; x_wconf 78' lang='lat' dir='ltr'>Hallcro</span> <span class='ocrx_word' id='word_1_278' title='bbox 669 2396 756 2430; x_wconf 81' lang='lat'>¹742</span> <span class='ocrx_word' id='word_1_279' title='bbox 774 2413 784 2428; x_wconf 92' lang='lat'><em>‚</em></span> <span class='ocrx_word' id='word_1_280' title='bbox 804 2383 986 2420; x_wconf 87' lang='lat' dir='ltr'>Morando</span> <span class='ocrx_word' id='word_1_281' title='bbox 1020 2397 1134 2431; x_wconf 83' lang='lat'>1744,</span> <span class='ocrx_word' id='word_1_282' title='bbox 1162 2386 1346 2432; x_wconf 84' lang='lat' dir='ltr'>Seguierio</span> <span class='ocrx_word' id='word_1_283' title='bbox 1367 2397 1452 2433; x_wconf 83' lang='lat'>1745</span> <span class='ocrx_word' id='word_1_284' title='bbox 1470 2415 1480 2430; x_wconf 92' lang='lat'>,</span> <span class='ocrx_word' id='word_1_285' title='bbox 1501 2382 1788 2423; x_wconf 77' lang='lat' dir='ltr'>Wachendotfio</span> 
     </span>
     <span class='ocr_line' id='line_1_37' title="bbox 347 2443 1790 2495; baseline 0.004 -15"><span class='ocrx_word' id='word_1_286' title='bbox 347 2455 460 2488; x_wconf 84' lang='lat'>1747,</span> <span class='ocrx_word' id='word_1_287' title='bbox 487 2443 652 2481; x_wconf 83' lang='lat' dir='ltr'>Hcistcro</span> <span class='ocrx_word' id='word_1_288' title='bbox 680 2451 791 2491; x_wconf 76' lang='lat'>1748,</span> <span class='ocrx_word' id='word_1_289' title='bbox 806 2445 1014 2484; x_wconf 71' lang='lat' dir='ltr'>Glcditcliio</span> <span class='ocrx_word' id='word_1_290' title='bbox 1037 2460 1146 2495; x_wconf 83' lang='lat'>1749,</span> <span class='ocrx_word' id='word_1_291' title='bbox 1170 2449 1331 2486; x_wconf 85' lang='lat' dir='ltr'>Allionio</span> <span class='ocrx_word' id='word_1_292' title='bbox 1347 2458 1436 2495; x_wconf 85' lang='lat'>1762</span> <span class='ocrx_word' id='word_1_293' title='bbox 1451 2453 1520 2486; x_wconf 70' lang='grc' dir='ltr'>δίς.</span> <span class='ocrx_word' id='word_1_294' title='bbox 1534 2476 1544 2492; x_wconf 96' lang='grc'><strong>,</strong></span> <span class='ocrx_word' id='word_1_295' title='bbox 1562 2444 1790 2494; x_wconf 64' lang='lat' dir='ltr'>quibussuos</span> 
     </span>
     <span class='ocr_line' id='line_1_38' title="bbox 342 2504 1788 2557; baseline 0.004 -15"><span class='ocrx_word' id='word_1_296' title='bbox 342 2504 438 2543; x_wconf 81' lang='lat' dir='ltr'>addit</span> <span class='ocrx_word' id='word_1_297' title='bbox 455 2507 661 2545; x_wconf 83' lang='lat' dir='ltr'>numerosos</span> <span class='ocrx_word' id='word_1_298' title='bbox 683 2507 972 2550; x_wconf 80' lang='lat' dir='ltr'>distributionum</span> <span class='ocrx_word' id='word_1_299' title='bbox 987 2510 1134 2557; x_wconf 82' lang='lat' dir='ltr'>modos,</span> <span class='ocrx_word' id='word_1_300' title='bbox 1153 2510 1193 2548; x_wconf 73' lang='grc' dir='ltr'><strong>εὲ</strong></span> <span class='ocrx_word' id='word_1_301' title='bbox 1223 2511 1392 2549; x_wconf 75' lang='lat' dir='ltr'>nimirum</span> <span class='ocrx_word' id='word_1_302' title='bbox 1419 2509 1539 2549; x_wconf 74' lang='lat' dir='ltr'>niente</span> <span class='ocrx_word' id='word_1_303' title='bbox 1565 2522 1604 2548; x_wconf 90' lang='lat' dir='ltr'>ut</span> <span class='ocrx_word' id='word_1_304' title='bbox 1629 2508 1730 2549; x_wconf 84' lang='lat' dir='ltr'>fimul</span> <span class='ocrx_word' id='word_1_305' title='bbox 1750 2514 1788 2548; x_wconf 75' lang='grc' dir='ltr'>δε</span> 
     </span>
    </p>
   </div>
   <div class='ocr_carea' id='block_1_6' title="bbox 343 2569 1789 2680">
    <p class='ocr_par' dir='ltr' id='par_1_7' title="bbox 343 2569 1789 2680">
     <span class='ocr_line' id='line_1_39' title="bbox 343 2569 1789 2623; baseline 0.008 -18"><span class='ocrx_word' id='word_1_306' title='bbox 343 2569 508 2614; x_wconf 70' lang='lat' dir='ltr'>exemplo</span> <span class='ocrx_word' id='word_1_307' title='bbox 525 2573 558 2606; x_wconf 72' lang='grc' dir='ltr'>διε</span> <span class='ocrx_word' id='word_1_308' title='bbox 582 2584 754 2617; x_wconf 71' lang='lat' dir='ltr'>przccepto</span> <span class='ocrx_word' id='word_1_309' title='bbox 779 2572 1008 2614; x_wconf 81' lang='lat' dir='ltr'>confirmaret</span> <span class='ocrx_word' id='word_1_310' title='bbox 1034 2573 1181 2615; x_wconf 79' lang='lat' dir='ltr'>facilem</span> <span class='ocrx_word' id='word_1_311' title='bbox 1206 2575 1316 2616; x_wconf 85' lang='lat' dir='ltr'>nimis</span> <span class='ocrx_word' id='word_1_312' title='bbox 1333 2575 1411 2618; x_wconf 87' lang='lat' dir='ltr'>dari</span> <span class='ocrx_word' id='word_1_313' title='bbox 1433 2571 1529 2623; x_wconf 84' lang='lat' dir='ltr'>posse</span> <span class='ocrx_word' id='word_1_314' title='bbox 1547 2572 1789 2616; x_wconf 72' lang='lat' dir='ltr'>ordinationis</span> 
     </span>
     <span class='ocr_line' id='line_1_40' title="bbox 343 2632 907 2680; baseline 0.007 -8"><span class='ocrx_word' id='word_1_315' title='bbox 343 2632 534 2672; x_wconf 69' lang='lat' dir='ltr'>arbitrariae</span> <span class='ocrx_word' id='word_1_316' title='bbox 561 2635 907 2680; x_wconf 82' lang='lat' dir='ltr'>multiplicationem.</span> 
     </span>
    </p>
   </div>
  </div>
 </body>
</html>
