1845 2968
73 728 230 761 :lvidicium
244 728 282 761 de

75 775 110 807 ca*
117 774 280 808 methodo.

303 163 372 209 liv

305 253 464 294 nensem
495 252 712 293 absolvunt
739 249 1030 292 ordinationem
1048 254 1061 296 3
1082 257 1167 299 tum
1195 250 1288 302 quia
1310 249 1333 290 ὲ
1356 250 1511 291 caeteris
1534 249 1748 304 plurimum

305 321 527 375 discrepant
551 321 750 367 claffibus,
768 330 849 358 tum
868 317 959 369 quia
978 314 1205 355 staminibus
1221 315 1322 370 saepe
1345 318 1457 359 calici
1478 327 1547 358 aut
1570 318 1748 359 calicinae

305 390 406 444 parti
439 388 591 428 insertis
618 388 665 428 ad
697 385 945 439 polypetalas
972 384 1182 437 perigynas
1215 382 1366 426 facilins
1398 385 1621 433 accedunt,
1653 384 1752 426 licet

305 456 463 496 corona
483 457 604 508 vulgo
628 454 831 494 destitutae.
849 452 968 492 Veris
987 463 1119 492 autem
1138 452 1347 492 diclinibus
1367 465 1448 494 non
1469 451 1750 507 permiscenda

304 522 393 563 sunt
425 524 586 563 diclines
613 522 753 574 spuriae
782 533 870 572 quae
900 519 997 560 tales
1025 519 1169 559 abortu
1196 520 1349 585 tantum
1372 532 1506 562 extant
1529 521 1569 561 δι
1589 518 1751 574 singula

304 591 486 630 affinibus
523 587 856 641 hermaphroditis
892 588 931 628 in
967 588 1260 641 praemissorum
1293 588 1478 629 ordinum
1515 587 1616 630 serie
1652 586 1753 640 adji-

305 658 472 698 ciuntur.
1663 661 1666 664 ’

355 727 450 765 Haec
470 724 703 764 methodus*
717 725 978 778 multiplicans
997 724 1142 774 classes,
1159 723 1329 765 scientiae
1346 723 1512 765 studium
1523 728 1755 778 promovet,

305 793 395 834 inde
429 792 577 831 tantum
607 793 742 845 potior
767 792 1025 832 Trianonensi
1051 794 1114 833 cui
1144 792 1331 833 caeterum
1357 791 1549 832 consonat
1569 789 1757 844 primarii

304 859 451 899 corculi
480 859 715 911 partitione,
741 858 1091 911 Acotyledonibus
1114 858 1289 899 indivisis
1304 891 1316 907 ,
1339 858 1484 912 triplici
1503 856 1754 909 Monocoty-

303 926 488 967 ledonum
517 926 664 966 caesura
683 957 693 974 ‚
721 926 1018 980 perspeffiffimfi
1043 926 1247 966 flaminum
1270 925 1484 966 insertione
1508 922 1755 965 &naturali-

302 995 376 1034 bus
399 993 534 1032 iis'dem
553 1007 600 1033 ex
625 994 778 1046 integro
797 993 961 1033 servatis
982 994 1198 1033 ordinibus.
1222 993 1332 1033 Dum
1356 993 1486 1032 tamen
1503 992 1675 1034 scientiae
1688 1004 1757 1032 ex-

302 1061 504 1114 planandae
521 1062 636 1101 causa
650 1062 770 1101 trinas
791 1060 1141 1113 Dicotyledonum
1166 1060 1296 1100 classes
1314 1061 1361 1100 ad
1378 1060 1552 1106 undenas
1568 1058 1756 1100 ulteriori

301 1128 576 1168 distributione
602 1130 821 1182 provehit3
845 1129 935 1170 dum
960 1130 1202 1169 caracterum
1229 1124 1481 1169 essentialium
1509 1126 1660 1168 defestu
1679 1139 1756 1179 ge*

301 1197 453 1236 nez-ales
485 1196 643 1236 insumit
675 1197 979 1250 exceptionibus
1012 1197 1241 1245 obnoxios,
1276 1206 1370 1235 tunc
1404 1189 1569 1234 minoris
1606 1193 1752 1234 horum

304 1263 532 1303 constantiae
564 1264 642 1316 ipsa
675 1266 892 1317 particeps,
917 1266 1173 1317 exceptiones
1196 1264 1343 1318 pariter
1363 1263 1520 1315 cogitur
1545 1261 1754 1302 admittere

303 1342 401 1381 quas
433 1330 713 1370 Trianonensis
747 1331 869 1371 eludit
899 1331 1112 1371 ordinatio.
1143 1331 1209 1371 Sic
1239 1331 1279 1370 in
1310 1328 1567 1383 polypetalos
1592 1313 1755 1368 ordines

304 1396 483 1449 irrepunt
517 1399 798 1450 nonnunquam
829 1398 970 1451 plantae
1000 1399 1264 1452 monopetalae
1295 1408 1362 1437 aut
1394 1396 1558 1450 apetalae
1587 1395 1753 1436 omnino

304 1462 462 1511 affines,
484 1464 521 1502 in
551 1465 826 1516 Leguminosas
859 1465 1028 1505 Mimosa
1055 1466 1094 1506 &
1118 1466 1332 1506 Trifolium
1357 1465 1398 1504 &
1423 1463 1639 1505 Ceratonia
1655 1492 1670 1510 ,
1710 1463 1758 1523 in·

304 1528 588 1583 Sempervivas
618 1532 849 1584 Cotyledon
867 1564 877 1581 ‚
901 1533 936 1571 in
967 1533 1217 1573 Portulaceas
1238 1532 1493 1572 Trianthema
1509 1562 1522 1580 ,
1547 1531 1590 1571 in
1621 1531 1756 1572 Ficoi-

301 1595 394 1635 deas
411 1598 655 1650 Tetragonia
674 1611 686 1646 ;
715 1599 765 1639 fic
783 1599 1090 1640 commiscentur
1117 1600 1241 1639 rarius
1264 1598 1527 1652 monopetalis
1545 1599 1755 1639 ordinibus

298 1662 449 1715 species
485 1666 647 1717 apetalae
684 1679 749 1706 aut
786 1667 1028 1719 polypetalae
1054 1700 1065 1717 ‚
1108 1678 1150 1707 ut
1182 1668 1376 1707 Fraxinus
1412 1665 1649 1721 Jasminei53
1685 1676 1757 1707 aut

297 1730 462 1781 apetalis
486 1731 751 1771 admoventur
769 1734 1034 1786 monopetalae
1051 1764 1061 1781 ‚
1089 1746 1131 1773 ut
1156 1734 1411 1773 Amaranthis
1430 1733 1630 1784 plantago.
1651 1731 1752 1772 Illud
1772 1757 1775 1762 ·

297 1797 475 1836 methodi
519 1799 728 1851 proposrtae
766 1800 907 1838 vitium
928 1832 939 1849 ‚
972 1800 1119 1842 seleffis
1164 1800 1426 1840 cara&eribus
1471 1796 1753 1852 aliquantisper

294 1863 420 1902 variis
434 1893 444 1910 ‚
459 1864 513 1903 est
532 1865 801 1914 ineluftabilffi
823 1867 946 1906 multo
967 1878 1096 1907 tamen
1112 1868 1238 1907 rarius
1255 1867 1420 1907 habetur
1436 1865 1555 1918 quam
1573 1864 1756 1918 insystev

340 2018 357 2035 ‘²
380 2021 493 2067 Hujus
519 2016 650 2057 tabula‘
666 2019 786 2066 prodit
807 2021 899 2060 infra
916 2036 954 2070 p.
980 2022 1074 2072 lxxj.
1098 2026 1204 2061 Anno
1226 2036 1318 2071 1774
1338 2021 1491 2068 primiim
1512 2014 1656 2058 exarata
1681 2019 1751 2059 fuit

292 2096 333 2120 ea
365 2082 556 2120 methodus
575 2086 608 2121 in
636 2083 766 2123 Schola
791 2088 901 2123 Horti
925 2089 1033 2135 Regii
1055 2086 1251 2125 Patisiensis
1267 2116 1278 2132 ‚
1304 2085 1440 2142 traditis
1465 2083 1565 2122 simul
1589 2083 1750 2137 ejusdem

290 2147 472 2192 principiis
498 2149 531 2184 in
558 2146 801 2186 dissertatione
829 2149 1033 2187 academica
1062 2150 1167 2194 (Ast.
1193 2149 1303 2186 Acad.
1324 2145 1429 2186 Paris.
1454 2162 1547 2195 1774
1570 2150 1749 2198 p.‘175)‚

291 2211 327 2246 in
359 2209 428 2256 qun
458 2224 755 2259 argumentorum
788 2210 894 2249 series
920 2226 1013 2250 nunc
1043 2213 1182 2258 prolata
1210 2210 1329 2250 similis
1352 2211 1427 2250 fere
1452 2210 1652 2252 exhibetur.
1671 2212 1750 2251 Ali-

288 2274 500 2320 quantulum
527 2289 641 2322 nuper
670 2274 739 2314 fuit
762 2275 951 2314 emendata
982 2275 1200 2322 methodus,
1231 2277 1412 2323 principiis
1440 2286 1658 2315 tamennon
1677 2277 1750 2315 im·

290 2339 438 2374 mutatis
464 2355 470 2375 :
498 2352 540 2376 ea
569 2339 743 2388 fiquidem
774 2339 929 2387 pthisin
953 2340 1227 2388 quatuordecim
1259 2339 1380 2379 classes
1405 2334 1622 2388 distributa,
1651 2353 1747 2380 nunc

290 2401 557 2448 quindecimam
587 2404 686 2442 addit
715 2401 858 2442 classem
883 2404 1114 2449 'Apetalarum
1141 2403 1354 2442 staminibus
1382 2405 1546 2453 epigynis
1566 2435 1578 2451 ‚
1604 2417 1650 2443 ex
1670 2417 1745 2453 quo

291 2463 615 2503 Aristolochiarum
637 2467 818 2505 corculum
836 2467 1101 2516 germinatione
1123 2466 1290 2505 bilobum
1306 2465 1552 2523 confirm-atur.
1572 2466 1744 2506 Praeterea

292 2526 436 2566 ordines
464 2528 609 2574 quidam
635 2545 677 2568 cx
707 2530 776 2569 υιιὲι
805 2531 841 2569 in
866 2531 1015 2569 alteram
1042 2529 1184 2569 classem
1209 2529 1406 2570 transiliunt
1422 2560 1432 2575 ‚
1458 2530 1652 2570 notiotein
1673 2520 1769 2570 illis'

291 2589 483 2629 staminum
508 2590 729 2641 insci-tionc3
753 2595 898 2644 quidam
920 2596 955 2634 in
983 2596 1100 2648 plures
1125 2596 1335 2636 dividuntur
1356 2593 1545 2634 sufficienti
1563 2594 1744 2636 ειηᾶαο
1800 2648 1807 2652 ,

291 2653 472 2703 distincti3
502 2658 651 2706 quidam
676 2661 760 2699 novi
781 2659 933 2700 omnint)
951 2660 1141 2708 prodeunt.
