<?xml version="1.0" encoding="UTF-8"?>
<!DOCTYPE html PUBLIC "-//W3C//DTD XHTML 1.0 Transitional//EN"
    "http://www.w3.org/TR/xhtml1/DTD/xhtml1-transitional.dtd">
<html xmlns="http://www.w3.org/1999/xhtml" xml:lang="en" lang="en">
 <head>
  <title>
</title>
<meta http-equiv="Content-Type" content="text/html;charset=utf-8" />
  <meta name='ocr-system' content='tesseract 3.04.00' />
  <meta name='ocr-capabilities' content='ocr_page ocr_carea ocr_par ocr_line ocrx_word'/>
</head>
<body>
  <div class='ocr_page' id='page_1' title='image "./generaplantarums00juss_0090.png"; bbox 0 0 1845 2968; ppageno 0'>
   <div class='ocr_carea' id='block_1_1' title="bbox 172 1283 350 1319">
    <p class='ocr_par' dir='ltr' id='par_1_1' title="bbox 172 1283 350 1319">
     <span class='ocr_line' id='line_1_1' title="bbox 172 1283 350 1319; baseline -0.017 0"><span class='ocrx_word' id='word_1_1' title='bbox 172 1283 350 1319; x_wconf 77' lang='lat' dir='ltr'>Conclufio.</span> 
     </span>
    </p>
   </div>
   <div class='ocr_carea' id='block_1_2' title="bbox 359 125 452 175">
    <p class='ocr_par' dir='ltr' id='par_1_2' title="bbox 359 125 452 175">
     <span class='ocr_line' id='line_1_2' title="bbox 359 125 452 175; baseline 0 0"><span class='ocrx_word' id='word_1_2' title='bbox 359 125 452 175; x_wconf 84' lang='lat' dir='ltr'>lx-</span> 
     </span>
    </p>
   </div>
   <div class='ocr_carea' id='block_1_3' title="bbox 361 218 1820 1215">
    <p class='ocr_par' dir='ltr' id='par_1_3' title="bbox 361 218 1820 1215">
     <span class='ocr_line' id='line_1_3' title="bbox 363 218 1808 276; baseline 0.001 -16"><span class='ocrx_word' id='word_1_3' title='bbox 363 222 476 261; x_wconf 83' lang='lat' dir='ltr'>dines</span> <span class='ocrx_word' id='word_1_4' title='bbox 496 221 717 262; x_wconf 77' lang='lat' dir='ltr'>accuratius</span> <span class='ocrx_word' id='word_1_5' title='bbox 735 218 960 262; x_wconf 83' lang='lat' dir='ltr'>elaboravit</span> <span class='ocrx_word' id='word_1_6' title='bbox 974 219 1200 262; x_wconf 86' lang='lat' dir='ltr'>diffidentiis</span> <span class='ocrx_word' id='word_1_7' title='bbox 1221 223 1477 276; x_wconf 83' lang='lat' dir='ltr'>paucioribus</span> <span class='ocrx_word' id='word_1_8' title='bbox 1498 221 1744 265; x_wconf 85' lang='lat' dir='ltr'>deformatos</span> <span class='ocrx_word' id='word_1_9' title='bbox 1761 220 1808 262; x_wconf 64' lang='grc' dir='ltr'>δι’</span> 
     </span>
     <span class='ocr_line' id='line_1_4' title="bbox 364 288 1809 342; baseline 0.002 -15"><span class='ocrx_word' id='word_1_10' title='bbox 364 288 545 342; x_wconf 85' lang='lat' dir='ltr'>pluribus</span> <span class='ocrx_word' id='word_1_11' title='bbox 574 289 719 329; x_wconf 88' lang='lat' dir='ltr'>ditatos</span> <span class='ocrx_word' id='word_1_12' title='bbox 746 289 865 328; x_wconf 90' lang='lat' dir='ltr'>certis</span> <span class='ocrx_word' id='word_1_13' title='bbox 891 299 1078 338; x_wconf 86' lang='lat' dir='ltr'>generum</span> <span class='ocrx_word' id='word_1_14' title='bbox 1111 289 1454 340; x_wconf 57' lang='lat' dir='ltr'>conjunctionibus</span> <span class='ocrx_word' id='word_1_15' title='bbox 1471 323 1483 340; x_wconf 92' lang='lat'>‚</span> <span class='ocrx_word' id='word_1_16' title='bbox 1509 291 1573 332; x_wconf 89' lang='lat' dir='ltr'>sed</span> <span class='ocrx_word' id='word_1_17' title='bbox 1594 290 1809 332; x_wconf 72' lang='lat' dir='ltr'>camaeres</span> 
     </span>
     <span class='ocr_line' id='line_1_5' title="bbox 361 354 1810 410; baseline 0.001 -15"><span class='ocrx_word' id='word_1_18' title='bbox 361 356 518 401; x_wconf 71' lang='lat' dir='ltr'>,tantum</span> <span class='ocrx_word' id='word_1_19' title='bbox 534 357 721 409; x_wconf 80' lang='lat' dir='ltr'>quosdam</span> <span class='ocrx_word' id='word_1_20' title='bbox 743 354 945 407; x_wconf 77' lang='lat' dir='ltr'>generales</span> <span class='ocrx_word' id='word_1_21' title='bbox 959 354 1000 394; x_wconf 89' lang='lat'>&amp;</span> <span class='ocrx_word' id='word_1_22' title='bbox 1017 354 1149 395; x_wconf 63' lang='lat' dir='ltr'>nu‘los</span> <span class='ocrx_word' id='word_1_23' title='bbox 1168 356 1382 399; x_wconf 75' lang='lat' dir='ltr'>essentiales</span> <span class='ocrx_word' id='word_1_24' title='bbox 1400 359 1612 410; x_wconf 84' lang='lat' dir='ltr'>admittens</span> <span class='ocrx_word' id='word_1_25' title='bbox 1625 390 1638 409; x_wconf 93' lang='lat'>,</span> <span class='ocrx_word' id='word_1_26' title='bbox 1664 370 1810 400; x_wconf 86' lang='lat' dir='ltr'>eorum</span> 
     </span>
     <span class='ocr_line' id='line_1_6' title="bbox 365 420 1811 480; baseline 0.002 -18"><span class='ocrx_word' id='word_1_27' title='bbox 365 422 634 475; x_wconf 82' lang='lat' dir='ltr'>disparilitatis</span> <span class='ocrx_word' id='word_1_28' title='bbox 658 423 782 474; x_wconf 82' lang='lat' dir='ltr'>legem</span> <span class='ocrx_word' id='word_1_29' title='bbox 805 433 884 460; x_wconf 94' lang='lat' dir='ltr'>non</span> <span class='ocrx_word' id='word_1_30' title='bbox 907 420 1075 461; x_wconf 89' lang='lat' dir='ltr'>sancivit</span> <span class='ocrx_word' id='word_1_31' title='bbox 1095 435 1168 462; x_wconf 93' lang='lat' dir='ltr'>nec</span> <span class='ocrx_word' id='word_1_32' title='bbox 1192 423 1361 466; x_wconf 84' lang='lat' dir='ltr'>clafficas</span> <span class='ocrx_word' id='word_1_33' title='bbox 1387 427 1479 467; x_wconf 79' lang='lat' dir='ltr'>inde</span> <span class='ocrx_word' id='word_1_34' title='bbox 1504 426 1667 467; x_wconf 82' lang='lat' dir='ltr'>deduxit</span> <span class='ocrx_word' id='word_1_35' title='bbox 1685 425 1811 480; x_wconf 83' lang='lat' dir='ltr'>parti-</span> 
     </span>
     <span class='ocr_line' id='line_1_7' title="bbox 366 487 1809 546; baseline 0.002 -18"><span class='ocrx_word' id='word_1_36' title='bbox 366 489 497 529; x_wconf 84' lang='lat' dir='ltr'>tiones</span> <span class='ocrx_word' id='word_1_37' title='bbox 522 490 561 528; x_wconf 91' lang='lat' dir='ltr'>in</span> <span class='ocrx_word' id='word_1_38' title='bbox 592 488 659 528; x_wconf 73' lang='lat' dir='ltr'>sua</span> <span class='ocrx_word' id='word_1_39' title='bbox 679 487 864 526; x_wconf 83' lang='lat' dir='ltr'>ordinum</span> <span class='ocrx_word' id='word_1_40' title='bbox 892 488 1166 529; x_wconf 74' lang='lat' dir='ltr'>distributione</span> <span class='ocrx_word' id='word_1_41' title='bbox 1191 490 1290 542; x_wconf 81' lang='lat' dir='ltr'>pene</span> <span class='ocrx_word' id='word_1_42' title='bbox 1312 492 1538 543; x_wconf 72' lang='lat' dir='ltr'>arbitraria,</span> <span class='ocrx_word' id='word_1_43' title='bbox 1568 493 1682 546; x_wconf 84' lang='lat' dir='ltr'>cujus</span> <span class='ocrx_word' id='word_1_44' title='bbox 1705 501 1749 532; x_wconf 89' lang='lat' dir='ltr'>ut</span> <span class='ocrx_word' id='word_1_45' title='bbox 1766 490 1809 531; x_wconf 77' lang='grc' dir='ltr'>δι</span> 
     </span>
     <span class='ocr_line' id='line_1_8' title="bbox 367 555 1812 612; baseline 0.002 -17"><span class='ocrx_word' id='word_1_46' title='bbox 367 555 590 595; x_wconf 82' lang='lat' dir='ltr'>Linnaeanae</span> <span class='ocrx_word' id='word_1_47' title='bbox 618 567 712 593; x_wconf 85' lang='lat' dir='ltr'>vera</span> <span class='ocrx_word' id='word_1_48' title='bbox 740 567 785 593; x_wconf 86' lang='lat' dir='ltr'>ac</span> <span class='ocrx_word' id='word_1_49' title='bbox 813 556 1004 606; x_wconf 63' lang='lat' dir='ltr'>generalis</span> <span class='ocrx_word' id='word_1_50' title='bbox 1026 569 1105 596; x_wconf 93' lang='lat' dir='ltr'>non</span> <span class='ocrx_word' id='word_1_51' title='bbox 1134 557 1297 609; x_wconf 73' lang='lat' dir='ltr'>prorsus</span> <span class='ocrx_word' id='word_1_52' title='bbox 1317 558 1546 612; x_wconf 75' lang='lat' dir='ltr'>intelligitur</span> <span class='ocrx_word' id='word_1_53' title='bbox 1569 560 1681 600; x_wconf 90' lang='lat' dir='ltr'>ratio.</span> <span class='ocrx_word' id='word_1_54' title='bbox 1700 556 1812 599; x_wconf 73' lang='lat' dir='ltr'>Cum</span> 
     </span>
     <span class='ocr_line' id='line_1_9' title="bbox 367 622 1814 679; baseline 0.002 -17"><span class='ocrx_word' id='word_1_55' title='bbox 367 636 496 664; x_wconf 84' lang='lat' dir='ltr'>autem</span> <span class='ocrx_word' id='word_1_56' title='bbox 536 622 746 663; x_wconf 73' lang='lat' dir='ltr'>essentialia</span> <span class='ocrx_word' id='word_1_57' title='bbox 786 634 904 675; x_wconf 86' lang='lat' dir='ltr'>atque</span> <span class='ocrx_word' id='word_1_58' title='bbox 945 624 1139 677; x_wconf 82' lang='lat' dir='ltr'>praecipua</span> <span class='ocrx_word' id='word_1_59' title='bbox 1183 625 1220 663; x_wconf 91' lang='lat' dir='ltr'>in</span> <span class='ocrx_word' id='word_1_60' title='bbox 1261 625 1403 677; x_wconf 82' lang='lat' dir='ltr'>plantis</span> <span class='ocrx_word' id='word_1_61' title='bbox 1431 627 1631 679; x_wconf 77' lang='lat' dir='ltr'>prodeant</span> <span class='ocrx_word' id='word_1_62' title='bbox 1663 637 1814 679; x_wconf 83' lang='lat' dir='ltr'>organa</span> 
     </span>
     <span class='ocr_line' id='line_1_10' title="bbox 362 684 1815 744; baseline 0.002 -15"><span class='ocrx_word' id='word_1_63' title='bbox 362 705 401 743; x_wconf 84' lang='lat' dir='ltr'>p.</span> <span class='ocrx_word' id='word_1_64' title='bbox 421 689 507 740; x_wconf 68' lang='lat' dir='ltr'>xliij</span> <span class='ocrx_word' id='word_1_65' title='bbox 523 719 533 735; x_wconf 88' lang='lat'>‚</span> <span class='ocrx_word' id='word_1_66' title='bbox 559 702 606 729; x_wconf 84' lang='lat' dir='ltr'>ex</span> <span class='ocrx_word' id='word_1_67' title='bbox 632 689 775 742; x_wconf 89' lang='lat' dir='ltr'>quiLus</span> <span class='ocrx_word' id='word_1_68' title='bbox 802 684 986 742; x_wconf 76' lang='lat' dir='ltr'>primarii</span> <span class='ocrx_word' id='word_1_69' title='bbox 1002 705 1038 742; x_wconf 85' lang='lat' dir='ltr'>p.</span> <span class='ocrx_word' id='word_1_70' title='bbox 1061 692 1114 730; x_wconf 86' lang='lat' dir='ltr'>xl.</span> <span class='ocrx_word' id='word_1_71' title='bbox 1135 692 1226 731; x_wconf 65' lang='lat' dir='ltr'>xliv.</span> <span class='ocrx_word' id='word_1_72' title='bbox 1252 691 1347 744; x_wconf 65' lang='lat' dir='ltr'>vaj</span> <span class='ocrx_word' id='word_1_73' title='bbox 1376 690 1567 734; x_wconf 85' lang='lat' dir='ltr'>eruuntur</span> <span class='ocrx_word' id='word_1_74' title='bbox 1596 693 1815 734; x_wconf 64' lang='lat' dir='ltr'>caracteres</span> 
     </span>
     <span class='ocr_line' id='line_1_11' title="bbox 369 756 1816 813; baseline 0.003 -19"><span class='ocrx_word' id='word_1_75' title='bbox 369 758 408 795; x_wconf 88' lang='lat' dir='ltr'>in</span> <span class='ocrx_word' id='word_1_76' title='bbox 436 756 645 795; x_wconf 80' lang='lat' dir='ltr'>ordinibus</span> <span class='ocrx_word' id='word_1_77' title='bbox 674 756 825 808; x_wconf 79' lang='lat' dir='ltr'>semper</span> <span class='ocrx_word' id='word_1_78' title='bbox 853 756 1105 805; x_wconf 85' lang='lat' dir='ltr'>uniformes;</span> <span class='ocrx_word' id='word_1_79' title='bbox 1131 758 1220 798; x_wconf 77' lang='lat' dir='ltr'>cum</span> <span class='ocrx_word' id='word_1_80' title='bbox 1253 759 1441 810; x_wconf 69' lang='lat' dir='ltr'>praeterea</span> <span class='ocrx_word' id='word_1_81' title='bbox 1469 760 1680 813; x_wconf 85' lang='lat' dir='ltr'>primarius</span> <span class='ocrx_word' id='word_1_82' title='bbox 1711 769 1816 800; x_wconf 83' lang='lat' dir='ltr'>unus</span> 
     </span>
     <span class='ocr_line' id='line_1_12' title="bbox 369 822 1816 878; baseline 0.003 -17"><span class='ocrx_word' id='word_1_83' title='bbox 369 822 609 862; x_wconf 84' lang='lat' dir='ltr'>secundariis</span> <span class='ocrx_word' id='word_1_84' title='bbox 634 833 700 862; x_wconf 89' lang='lat' dir='ltr'>aut</span> <span class='ocrx_word' id='word_1_85' title='bbox 729 823 916 862; x_wconf 79' lang='lat' dir='ltr'>tertiariis</span> <span class='ocrx_word' id='word_1_86' title='bbox 943 823 1120 875; x_wconf 85' lang='lat' dir='ltr'>pluribus</span> <span class='ocrx_word' id='word_1_87' title='bbox 1142 825 1395 877; x_wconf 65' lang='lat' dir='ltr'>aequipolleat</span> <span class='ocrx_word' id='word_1_88' title='bbox 1418 841 1455 878; x_wconf 90' lang='lat' dir='ltr'>p.</span> <span class='ocrx_word' id='word_1_89' title='bbox 1482 827 1630 872; x_wconf 82' lang='lat' dir='ltr'><em>xxxix,</em></span> <span class='ocrx_word' id='word_1_90' title='bbox 1659 825 1699 864; x_wconf 79' lang='grc' dir='ltr'>δι</span> <span class='ocrx_word' id='word_1_91' title='bbox 1722 823 1816 866; x_wconf 78' lang='lat' dir='ltr'>ideo</span> 
     </span>
     <span class='ocr_line' id='line_1_13' title="bbox 370 890 1819 945; baseline 0.001 -17"><span class='ocrx_word' id='word_1_92' title='bbox 370 890 609 930; x_wconf 83' lang='lat' dir='ltr'>admovendi</span> <span class='ocrx_word' id='word_1_93' title='bbox 637 890 707 929; x_wconf 79' lang='lat' dir='ltr'>sint</span> <span class='ocrx_word' id='word_1_94' title='bbox 734 905 769 942; x_wconf 81' lang='lat' dir='ltr'>p.</span> <span class='ocrx_word' id='word_1_95' title='bbox 804 890 885 928; x_wconf 82' lang='lat' dir='ltr'>xliv</span> <span class='ocrx_word' id='word_1_96' title='bbox 915 890 1078 929; x_wconf 76' lang='lat' dir='ltr'>ordines</span> <span class='ocrx_word' id='word_1_97' title='bbox 1106 891 1173 929; x_wconf 87' lang='lat' dir='ltr'>tali</span> <span class='ocrx_word' id='word_1_98' title='bbox 1202 891 1398 932; x_wconf 59' lang='lat' dir='ltr'>carasiere</span> <span class='ocrx_word' id='word_1_99' title='bbox 1429 892 1687 940; x_wconf 76' lang='lat' dir='ltr'>conformes;</span> <span class='ocrx_word' id='word_1_100' title='bbox 1712 900 1819 945; x_wconf 78' lang='lat' dir='ltr'>prae·</span> 
     </span>
     <span class='ocr_line' id='line_1_14' title="bbox 370 957 1818 1012; baseline 0.001 -16"><span class='ocrx_word' id='word_1_101' title='bbox 370 958 482 996; x_wconf 64' lang='lat' dir='ltr'>dinis</span> <span class='ocrx_word' id='word_1_102' title='bbox 515 959 634 1009; x_wconf 84' lang='lat' dir='ltr'>igitur</span> <span class='ocrx_word' id='word_1_103' title='bbox 663 971 744 997; x_wconf 86' lang='lat' dir='ltr'>rum</span> <span class='ocrx_word' id='word_1_104' title='bbox 775 957 1019 1010; x_wconf 80' lang='lat' dir='ltr'>Fragmentis</span> <span class='ocrx_word' id='word_1_105' title='bbox 1046 970 1126 997; x_wconf 88' lang='lat' dir='ltr'>tum</span> <span class='ocrx_word' id='word_1_106' title='bbox 1155 959 1331 999; x_wconf 81' lang='lat' dir='ltr'>Familiis</span> <span class='ocrx_word' id='word_1_107' title='bbox 1359 957 1818 1012; x_wconf 83' lang='lat' dir='ltr'>praestatTrianonenfis</span> 
     </span>
     <span class='ocr_line' id='line_1_15' title="bbox 369 1025 1820 1080; baseline 0.001 -16"><span class='ocrx_word' id='word_1_108' title='bbox 369 1026 573 1064; x_wconf 89' lang='lat' dir='ltr'>ordinatio</span> <span class='ocrx_word' id='word_1_109' title='bbox 594 1030 612 1047; x_wconf 75' lang='lat'><em>⁶</em></span> <span class='ocrx_word' id='word_1_110' title='bbox 632 1039 721 1078; x_wconf 88' lang='lat' dir='ltr'>quae</span> <span class='ocrx_word' id='word_1_111' title='bbox 737 1026 965 1065; x_wconf 84' lang='lat' dir='ltr'>memoratis</span> <span class='ocrx_word' id='word_1_112' title='bbox 980 1026 1191 1077; x_wconf 82' lang='lat' dir='ltr'>generatim</span> <span class='ocrx_word' id='word_1_113' title='bbox 1209 1026 1414 1067; x_wconf 83' lang='lat' dir='ltr'>assentiens</span> <span class='ocrx_word' id='word_1_114' title='bbox 1432 1028 1585 1080; x_wconf 82' lang='lat' dir='ltr'>legibus</span> <span class='ocrx_word' id='word_1_115' title='bbox 1598 1057 1610 1075; x_wconf 93' lang='lat'>‚</span> <span class='ocrx_word' id='word_1_116' title='bbox 1631 1025 1820 1066; x_wconf 83' lang='lat' dir='ltr'>meliores</span> 
     </span>
     <span class='ocr_line' id='line_1_16' title="bbox 370 1092 1820 1147; baseline 0.004 -18"><span class='ocrx_word' id='word_1_117' title='bbox 370 1093 408 1146; x_wconf 93' lang='lat' dir='ltr'>pl</span> <span class='ocrx_word' id='word_1_118' title='bbox 438 1105 602 1145; x_wconf 84' lang='lat' dir='ltr'>rumque</span> <span class='ocrx_word' id='word_1_119' title='bbox 617 1093 767 1145; x_wconf 85' lang='lat' dir='ltr'>profert</span> <span class='ocrx_word' id='word_1_120' title='bbox 782 1093 946 1132; x_wconf 86' lang='lat' dir='ltr'>ordines</span> <span class='ocrx_word' id='word_1_121' title='bbox 960 1122 973 1137; x_wconf 88' lang='lat'>,</span> <span class='ocrx_word' id='word_1_122' title='bbox 990 1092 1030 1132; x_wconf 84' lang='lat'>&amp;</span> <span class='ocrx_word' id='word_1_123' title='bbox 1048 1092 1237 1132; x_wconf 87' lang='lat' dir='ltr'>clafficam</span> <span class='ocrx_word' id='word_1_124' title='bbox 1264 1106 1405 1134; x_wconf 87' lang='lat' dir='ltr'>eorum</span> <span class='ocrx_word' id='word_1_125' title='bbox 1425 1093 1524 1134; x_wconf 76' lang='lat' dir='ltr'>vere</span> <span class='ocrx_word' id='word_1_126' title='bbox 1543 1093 1712 1134; x_wconf 84' lang='lat' dir='ltr'>admittit</span> <span class='ocrx_word' id='word_1_127' title='bbox 1726 1103 1820 1147; x_wconf 54' lang='lat' dir='ltr'>pare</span> 
     </span>
     <span class='ocr_line' id='line_1_17' title="bbox 371 1159 1572 1215; baseline 0.003 -18"><span class='ocrx_word' id='word_1_128' title='bbox 371 1160 553 1200; x_wconf 82' lang='lat' dir='ltr'>titionem</span> <span class='ocrx_word' id='word_1_129' title='bbox 577 1171 644 1200; x_wconf 88' lang='lat' dir='ltr'>aut</span> <span class='ocrx_word' id='word_1_130' title='bbox 671 1160 799 1200; x_wconf 87' lang='lat' dir='ltr'>eidem</span> <span class='ocrx_word' id='word_1_131' title='bbox 824 1159 984 1212; x_wconf 78' lang='lat' dir='ltr'>posthac</span> <span class='ocrx_word' id='word_1_132' title='bbox 1003 1159 1187 1199; x_wconf 83' lang='lat' dir='ltr'>institutae</span> <span class='ocrx_word' id='word_1_133' title='bbox 1207 1160 1358 1213; x_wconf 74' lang='lat' dir='ltr'>plenius</span> <span class='ocrx_word' id='word_1_134' title='bbox 1377 1162 1572 1215; x_wconf 85' lang='lat' dir='ltr'>congruit.</span> 
     </span>
    </p>
   </div>
   <div class='ocr_carea' id='block_1_4' title="bbox 371 1270 1825 1934">
    <p class='ocr_par' dir='ltr' id='par_1_4' title="bbox 371 1270 1825 1934">
     <span class='ocr_line' id='line_1_18' title="bbox 424 1270 1819 1326; baseline -0.002 -12"><span class='ocrx_word' id='word_1_135' title='bbox 424 1273 472 1314; x_wconf 89' lang='lat' dir='ltr'>Et</span> <span class='ocrx_word' id='word_1_136' title='bbox 496 1286 599 1314; x_wconf 88' lang='lat' dir='ltr'>nunc</span> <span class='ocrx_word' id='word_1_137' title='bbox 619 1273 757 1312; x_wconf 70' lang='lat' dir='ltr'>statuta</span> <span class='ocrx_word' id='word_1_138' title='bbox 777 1273 963 1312; x_wconf 75' lang='lat' dir='ltr'>Historiae</span> <span class='ocrx_word' id='word_1_139' title='bbox 984 1273 1172 1313; x_wconf 88' lang='lat' dir='ltr'>naturalis</span> <span class='ocrx_word' id='word_1_140' title='bbox 1191 1273 1233 1314; x_wconf 75' lang='grc' dir='ltr'>’δι</span> <span class='ocrx_word' id='word_1_141' title='bbox 1257 1275 1428 1315; x_wconf 83' lang='lat' dir='ltr'>scientiae</span> <span class='ocrx_word' id='word_1_142' title='bbox 1448 1271 1647 1326; x_wconf 85' lang='lat' dir='ltr'>organicae</span> <span class='ocrx_word' id='word_1_143' title='bbox 1668 1271 1710 1312; x_wconf 86' lang='lat'>&amp;</span> <span class='ocrx_word' id='word_1_144' title='bbox 1731 1270 1819 1312; x_wconf 56' lang='lat'>130⁴</span> 
     </span>
     <span class='ocr_line' id='line_1_19' title="bbox 373 1338 1822 1395; baseline -0.001 -14"><span class='ocrx_word' id='word_1_145' title='bbox 373 1342 521 1381; x_wconf 73' lang='lat' dir='ltr'>tanices</span> <span class='ocrx_word' id='word_1_146' title='bbox 551 1341 658 1381; x_wconf 69' lang='lat' dir='ltr'>certa</span> <span class='ocrx_word' id='word_1_147' title='bbox 689 1341 948 1389; x_wconf 48' lang='lat' dir='ltr'>dcfinitione‚</span> <span class='ocrx_word' id='word_1_148' title='bbox 973 1341 1160 1394; x_wconf 76' lang='lat' dir='ltr'>expositis</span> <span class='ocrx_word' id='word_1_149' title='bbox 1190 1342 1408 1395; x_wconf 88' lang='lat' dir='ltr'>plantarum</span> <span class='ocrx_word' id='word_1_150' title='bbox 1432 1341 1609 1394; x_wconf 84' lang='lat' dir='ltr'>partibus</span> <span class='ocrx_word' id='word_1_151' title='bbox 1636 1339 1676 1378; x_wconf 80' lang='grc' dir='ltr'>δι</span> <span class='ocrx_word' id='word_1_152' title='bbox 1704 1338 1822 1380; x_wconf 86' lang='lat' dir='ltr'>func-</span> 
     </span>
     <span class='ocr_line' id='line_1_20' title="bbox 371 1406 1822 1462; baseline 0 -14"><span class='ocrx_word' id='word_1_153' title='bbox 371 1410 549 1449; x_wconf 89' lang='lat' dir='ltr'>tionibus</span> <span class='ocrx_word' id='word_1_154' title='bbox 576 1410 615 1449; x_wconf 83' lang='lat'>&amp;</span> <span class='ocrx_word' id='word_1_155' title='bbox 642 1409 877 1449; x_wconf 54' lang='lat' dir='ltr'>differentiis</span> <span class='ocrx_word' id='word_1_156' title='bbox 899 1409 939 1448; x_wconf 71' lang='grc' dir='ltr'>δι</span> <span class='ocrx_word' id='word_1_157' title='bbox 962 1409 1225 1449; x_wconf 65' lang='grc' dir='ltr'>εετειξὶετίὺυε</span> <span class='ocrx_word' id='word_1_158' title='bbox 1240 1440 1252 1458; x_wconf 87' lang='grc'><em>,</em></span> <span class='ocrx_word' id='word_1_159' title='bbox 1271 1409 1431 1450; x_wconf 75' lang='lat' dir='ltr'>definita</span> <span class='ocrx_word' id='word_1_160' title='bbox 1454 1409 1583 1462; x_wconf 91' lang='lat' dir='ltr'>specie</span> <span class='ocrx_word' id='word_1_161' title='bbox 1605 1406 1646 1447; x_wconf 80' lang='grc' dir='ltr'>δι</span> <span class='ocrx_word' id='word_1_162' title='bbox 1666 1406 1822 1448; x_wconf 78' lang='lat' dir='ltr'>traditis</span> 
     </span>
     <span class='ocr_line' id='line_1_21' title="bbox 373 1475 1824 1529; baseline 0 -13"><span class='ocrx_word' id='word_1_163' title='bbox 373 1477 597 1529; x_wconf 86' lang='lat' dir='ltr'>aptioribus</span> <span class='ocrx_word' id='word_1_164' title='bbox 628 1478 835 1516; x_wconf 84' lang='lat' dir='ltr'>nominum</span> <span class='ocrx_word' id='word_1_165' title='bbox 868 1488 985 1529; x_wconf 68' lang='lat' dir='ltr'>atque</span> <span class='ocrx_word' id='word_1_166' title='bbox 1020 1476 1326 1529; x_wconf 80' lang='lat' dir='ltr'>descriptionum</span> <span class='ocrx_word' id='word_1_167' title='bbox 1364 1476 1574 1525; x_wconf 86' lang='lat' dir='ltr'>formulis,</span> <span class='ocrx_word' id='word_1_168' title='bbox 1603 1475 1824 1516; x_wconf 78' lang='lat' dir='ltr'>arbitrariis</span> 
     </span>
     <span class='ocr_line' id='line_1_22' title="bbox 373 1541 1823 1597; baseline -0.002 -13"><span class='ocrx_word' id='word_1_169' title='bbox 373 1544 708 1585; x_wconf 68' lang='lat' dir='ltr'>conssruffionum</span> <span class='ocrx_word' id='word_1_170' title='bbox 743 1546 1013 1597; x_wconf 84' lang='lat' dir='ltr'>genericarum</span> <span class='ocrx_word' id='word_1_171' title='bbox 1045 1546 1084 1584; x_wconf 68' lang='grc' dir='ltr'>ὃ(</span> <span class='ocrx_word' id='word_1_172' title='bbox 1113 1544 1350 1586; x_wconf 73' lang='lat' dir='ltr'>clzssicarurn</span> <span class='ocrx_word' id='word_1_173' title='bbox 1383 1544 1569 1584; x_wconf 85' lang='lat' dir='ltr'>exhibitis</span> <span class='ocrx_word' id='word_1_174' title='bbox 1589 1541 1823 1596; x_wconf 68' lang='lat' dir='ltr'>praeceptio-</span> 
     </span>
     <span class='ocr_line' id='line_1_23' title="bbox 374 1609 1822 1664; baseline -0.001 -13"><span class='ocrx_word' id='word_1_175' title='bbox 374 1611 489 1651; x_wconf 89' lang='lat' dir='ltr'>nibus</span> <span class='ocrx_word' id='word_1_176' title='bbox 505 1642 515 1658; x_wconf 77' lang='grc'><em>,</em></span> <span class='ocrx_word' id='word_1_177' title='bbox 548 1612 626 1664; x_wconf 71' lang='lat' dir='ltr'>quil</span> <span class='ocrx_word' id='word_1_178' title='bbox 647 1611 775 1650; x_wconf 82' lang='lat' dir='ltr'>usdam</span> <span class='ocrx_word' id='word_1_179' title='bbox 807 1611 1062 1663; x_wconf 76' lang='lat' dir='ltr'>systematic35</span> <span class='ocrx_word' id='word_1_180' title='bbox 1081 1610 1240 1650; x_wconf 81' lang='lat' dir='ltr'>&amp;inter</span> <span class='ocrx_word' id='word_1_181' title='bbox 1270 1623 1408 1650; x_wconf 88' lang='lat' dir='ltr'>omnes</span> <span class='ocrx_word' id='word_1_182' title='bbox 1433 1610 1642 1663; x_wconf 69' lang='lat' dir='ltr'>praecipuis</span> <span class='ocrx_word' id='word_1_183' title='bbox 1666 1609 1822 1662; x_wconf 74' lang='lat' dir='ltr'>planta-.</span> 
     </span>
     <span class='ocr_line' id='line_1_24' title="bbox 375 1676 1824 1730; baseline -0.002 -12"><span class='ocrx_word' id='word_1_184' title='bbox 375 1691 465 1718; x_wconf 81' lang='lat' dir='ltr'>rum</span> <span class='ocrx_word' id='word_1_185' title='bbox 492 1678 811 1717; x_wconf 18' lang='lat' dir='ltr'>orilinatssoniius</span> <span class='ocrx_word' id='word_1_186' title='bbox 840 1677 1042 1716; x_wconf 84' lang='lat' dir='ltr'>delineatis</span> <span class='ocrx_word' id='word_1_187' title='bbox 1064 1690 1108 1716; x_wconf 88' lang='lat' dir='ltr'>ac</span> <span class='ocrx_word' id='word_1_188' title='bbox 1135 1677 1209 1716; x_wconf 76' lang='lat' dir='ltr'>rite</span> <span class='ocrx_word' id='word_1_189' title='bbox 1232 1676 1447 1730; x_wconf 82' lang='lat' dir='ltr'>perpensis,</span> <span class='ocrx_word' id='word_1_190' title='bbox 1476 1676 1687 1728; x_wconf 84' lang='lat' dir='ltr'>systemata</span> <span class='ocrx_word' id='word_1_191' title='bbox 1715 1687 1824 1728; x_wconf 83' lang='lat' dir='ltr'>quae-</span> 
     </span>
     <span class='ocr_line' id='line_1_25' title="bbox 374 1741 1822 1796; baseline -0.003 -11"><span class='ocrx_word' id='word_1_192' title='bbox 374 1746 473 1785; x_wconf 90' lang='lat' dir='ltr'>libet</span> <span class='ocrx_word' id='word_1_193' title='bbox 508 1744 649 1796; x_wconf 72' lang='lat' dir='ltr'>plantis</span> <span class='ocrx_word' id='word_1_194' title='bbox 688 1744 937 1783; x_wconf 74' lang='lat' dir='ltr'>nominandis</span> <span class='ocrx_word' id='word_1_195' title='bbox 970 1743 1082 1782; x_wconf 87' lang='lat' dir='ltr'>utilia</span> <span class='ocrx_word' id='word_1_196' title='bbox 1114 1743 1176 1782; x_wconf 86' lang='lat' dir='ltr'>sed</span> <span class='ocrx_word' id='word_1_197' title='bbox 1210 1743 1372 1782; x_wconf 82' lang='lat' dir='ltr'>Naturae</span> <span class='ocrx_word' id='word_1_198' title='bbox 1402 1744 1531 1783; x_wconf 81' lang='lat' dir='ltr'>minus</span> <span class='ocrx_word' id='word_1_199' title='bbox 1564 1742 1742 1783; x_wconf 86' lang='lat' dir='ltr'>consona</span> <span class='ocrx_word' id='word_1_200' title='bbox 1771 1741 1822 1781; x_wconf 86' lang='lat' dir='ltr'>ab</span> 
     </span>
     <span class='ocr_line' id='line_1_26' title="bbox 372 1807 1825 1865; baseline -0.002 -13"><span class='ocrx_word' id='word_1_201' title='bbox 372 1812 563 1865; x_wconf 84' lang='lat' dir='ltr'>usurpato</span> <span class='ocrx_word' id='word_1_202' title='bbox 592 1813 764 1852; x_wconf 79' lang='lat' dir='ltr'>verioris</span> <span class='ocrx_word' id='word_1_203' title='bbox 791 1812 963 1851; x_wconf 82' lang='lat' dir='ltr'>scientiae</span> <span class='ocrx_word' id='word_1_204' title='bbox 988 1812 1108 1863; x_wconf 86' lang='lat' dir='ltr'>gradu</span> <span class='ocrx_word' id='word_1_205' title='bbox 1126 1811 1172 1850; x_wconf 88' lang='lat' dir='ltr'>ad</span> <span class='ocrx_word' id='word_1_206' title='bbox 1195 1811 1357 1850; x_wconf 86' lang='lat' dir='ltr'>inferam</span> <span class='ocrx_word' id='word_1_207' title='bbox 1381 1810 1560 1863; x_wconf 86' lang='lat' dir='ltr'>praeludii</span> <span class='ocrx_word' id='word_1_208' title='bbox 1580 1809 1760 1850; x_wconf 89' lang='lat' dir='ltr'>Botanici</span> <span class='ocrx_word' id='word_1_209' title='bbox 1779 1807 1825 1849; x_wconf 88' lang='lat'>&amp;</span> 
     </span>
     <span class='ocr_line' id='line_1_27' title="bbox 373 1880 1824 1934; baseline 0.001 -14"><span class='ocrx_word' id='word_1_210' title='bbox 373 1880 589 1920; x_wconf 81' lang='lat' dir='ltr'>methodici</span> <span class='ocrx_word' id='word_1_211' title='bbox 626 1882 766 1920; x_wconf 89' lang='lat' dir='ltr'>indicis</span> <span class='ocrx_word' id='word_1_212' title='bbox 798 1881 813 1906; x_wconf 60' lang='grc' dir='ltr'><strong>ὁ</strong></span> <span class='ocrx_word' id='word_1_213' title='bbox 847 1882 1120 1922; x_wconf 90' lang='lat' dir='ltr'>conditionem</span> <span class='ocrx_word' id='word_1_214' title='bbox 1161 1881 1375 1921; x_wconf 79' lang='lat' dir='ltr'>descivere.</span> <span class='ocrx_word' id='word_1_215' title='bbox 1413 1882 1488 1921; x_wconf 90' lang='lat' dir='ltr'>His</span> <span class='ocrx_word' id='word_1_216' title='bbox 1523 1881 1693 1934; x_wconf 85' lang='lat' dir='ltr'>genuina</span> <span class='ocrx_word' id='word_1_217' title='bbox 1724 1892 1824 1921; x_wconf 83' lang='lat' dir='ltr'>mox</span> 
     </span>
    </p>
   </div>
   <div class='ocr_carea' id='block_1_5' title="bbox 374 1996 1825 2015">
    <p class='ocr_par' dir='ltr' id='par_1_5' title="bbox 374 1996 1825 2015">
     <span class='ocr_line' id='line_1_28' title="bbox 374 1996 1825 2015; baseline 0 953"><span class='ocrx_word' id='word_1_218' title='bbox 374 1996 1825 2015; x_wconf 95' lang='lat' dir='ltr'> </span> 
     </span>
    </p>
   </div>
   <div class='ocr_carea' id='block_1_6' title="bbox 372 2072 1845 2721">
    <p class='ocr_par' dir='ltr' id='par_1_6' title="bbox 372 2072 1828 2440">
     <span class='ocr_line' id='line_1_29' title="bbox 420 2072 1824 2124; baseline 0.001 -13"><span class='ocrx_word' id='word_1_219' title='bbox 420 2082 440 2100; x_wconf 75' lang='lat'><em>⁶</em></span> <span class='ocrx_word' id='word_1_220' title='bbox 458 2076 670 2123; x_wconf 79' lang='lat' dir='ltr'>fragmenta</span> <span class='ocrx_word' id='word_1_221' title='bbox 690 2077 880 2115; x_wconf 83' lang='lat' dir='ltr'>Linnaeana</span> <span class='ocrx_word' id='word_1_222' title='bbox 905 2082 946 2124; x_wconf 84' lang='lat'>58</span> <span class='ocrx_word' id='word_1_223' title='bbox 975 2076 1270 2123; x_wconf 85' lang='lat' dir='ltr'>dinumerantur,</span> <span class='ocrx_word' id='word_1_224' title='bbox 1293 2072 1557 2113; x_wconf 82' lang='lat' dir='ltr'>Adansonianae</span> <span class='ocrx_word' id='word_1_225' title='bbox 1582 2073 1739 2112; x_wconf 74' lang='lat' dir='ltr'>Familiae</span> <span class='ocrx_word' id='word_1_226' title='bbox 1761 2085 1824 2112; x_wconf 81' lang='lat' dir='ltr'>to·</span> 
     </span>
     <span class='ocr_line' id='line_1_30' title="bbox 372 2135 1828 2188; baseline 0.001 -14"><span class='ocrx_word' id='word_1_227' title='bbox 372 2135 511 2184; x_wconf 85' lang='lat' dir='ltr'>tidem,</span> <span class='ocrx_word' id='word_1_228' title='bbox 532 2139 676 2177; x_wconf 85' lang='lat' dir='ltr'>ordines</span> <span class='ocrx_word' id='word_1_229' title='bbox 702 2139 971 2178; x_wconf 87' lang='lat' dir='ltr'>Trianonenscs</span> <span class='ocrx_word' id='word_1_230' title='bbox 1003 2150 1043 2188; x_wconf 83' lang='lat'>65</span> <span class='ocrx_word' id='word_1_231' title='bbox 1063 2171 1073 2186; x_wconf 91' lang='lat'>,</span> <span class='ocrx_word' id='word_1_232' title='bbox 1104 2137 1312 2177; x_wconf 77' lang='lat' dir='ltr'>parisienses</span> <span class='ocrx_word' id='word_1_233' title='bbox 1339 2139 1531 2186; x_wconf 84' lang='lat' dir='ltr'>nuperrimi</span> <span class='ocrx_word' id='word_1_234' title='bbox 1558 2151 1638 2176; x_wconf 83' lang='lat'>100.</span> <span class='ocrx_word' id='word_1_235' title='bbox 1666 2139 1748 2176; x_wconf 82' lang='lat' dir='ltr'>Hos</span> <span class='ocrx_word' id='word_1_236' title='bbox 1766 2150 1828 2176; x_wconf 80' lang='lat' dir='ltr'>ta-</span> 
     </span>
     <span class='ocr_line' id='line_1_31' title="bbox 373 2202 1826 2251; baseline -0.001 -10"><span class='ocrx_word' id='word_1_237' title='bbox 373 2203 471 2241; x_wconf 81' lang='lat' dir='ltr'>tione</span> <span class='ocrx_word' id='word_1_238' title='bbox 497 2202 669 2242; x_wconf 85' lang='lat' dir='ltr'>loborum</span> <span class='ocrx_word' id='word_1_239' title='bbox 692 2203 826 2241; x_wconf 86' lang='lat' dir='ltr'>corculi</span> <span class='ocrx_word' id='word_1_240' title='bbox 847 2209 882 2242; x_wconf 87' lang='lat'>&amp;</span> <span class='ocrx_word' id='word_1_241' title='bbox 902 2204 1048 2241; x_wconf 80' lang='lat' dir='ltr'>corollae</span> <span class='ocrx_word' id='word_1_242' title='bbox 1065 2203 1276 2251; x_wconf 79' lang='lat' dir='ltr'>polypetalae</span> <span class='ocrx_word' id='word_1_243' title='bbox 1296 2215 1357 2241; x_wconf 86' lang='lat' dir='ltr'>aut</span> <span class='ocrx_word' id='word_1_244' title='bbox 1378 2202 1621 2250; x_wconf 78' lang='lat' dir='ltr'>monopctalae</span> <span class='ocrx_word' id='word_1_245' title='bbox 1636 2212 1699 2241; x_wconf 80' lang='lat' dir='ltr'>aut</span> <span class='ocrx_word' id='word_1_246' title='bbox 1716 2202 1826 2248; x_wconf 69' lang='lat' dir='ltr'>nullae</span> 
     </span>
     <span class='ocr_line' id='line_1_32' title="bbox 375 2265 1826 2316; baseline 0.001 -12"><span class='ocrx_word' id='word_1_247' title='bbox 375 2270 409 2304; x_wconf 78' lang='grc' dir='ltr'>δι</span> <span class='ocrx_word' id='word_1_248' title='bbox 430 2265 620 2305; x_wconf 84' lang='lat' dir='ltr'>staminum</span> <span class='ocrx_word' id='word_1_249' title='bbox 648 2265 730 2305; x_wconf 67' lang='lat' dir='ltr'>situs</span> <span class='ocrx_word' id='word_1_250' title='bbox 748 2272 782 2305; x_wconf 91' lang='lat'>&amp;</span> <span class='ocrx_word' id='word_1_251' title='bbox 806 2266 952 2304; x_wconf 81' lang='lat' dir='ltr'>demum</span> <span class='ocrx_word' id='word_1_252' title='bbox 980 2265 1262 2316; x_wconf 81' lang='lat' dir='ltr'>organisationis</span> <span class='ocrx_word' id='word_1_253' title='bbox 1285 2267 1473 2313; x_wconf 84' lang='lat' dir='ltr'>completae</span> <span class='ocrx_word' id='word_1_254' title='bbox 1488 2278 1550 2304; x_wconf 88' lang='lat' dir='ltr'>aut</span> <span class='ocrx_word' id='word_1_255' title='bbox 1573 2266 1826 2314; x_wconf 79' lang='lat' dir='ltr'>incompletae,</span> 
     </span>
     <span class='ocr_line' id='line_1_33' title="bbox 376 2327 1826 2379; baseline 0.003 -15"><span class='ocrx_word' id='word_1_256' title='bbox 376 2327 598 2374; x_wconf 84' lang='lat' dir='ltr'>simplicioris</span> <span class='ocrx_word' id='word_1_257' title='bbox 628 2343 688 2369; x_wconf 85' lang='lat' dir='ltr'>aut</span> <span class='ocrx_word' id='word_1_258' title='bbox 716 2331 887 2379; x_wconf 85' lang='lat' dir='ltr'>plenioris</span> <span class='ocrx_word' id='word_1_259' title='bbox 906 2360 917 2375; x_wconf 93' lang='lat'>,</span> <span class='ocrx_word' id='word_1_260' title='bbox 948 2331 1117 2378; x_wconf 80' lang='lat' dir='ltr'>disposuit</span> <span class='ocrx_word' id='word_1_261' title='bbox 1139 2333 1179 2369; x_wconf 88' lang='lat' dir='ltr'>in</span> <span class='ocrx_word' id='word_1_262' title='bbox 1202 2333 1298 2370; x_wconf 60' lang='lat' dir='ltr'>Dici.</span> <span class='ocrx_word' id='word_1_263' title='bbox 1325 2331 1471 2378; x_wconf 85' lang='lat' dir='ltr'>Encycl.</span> <span class='ocrx_word' id='word_1_264' title='bbox 1496 2344 1530 2369; x_wconf 88' lang='lat'>2.</span> <span class='ocrx_word' id='word_1_265' title='bbox 1551 2344 1584 2377; x_wconf 86' lang='lat' dir='ltr'>p.</span> <span class='ocrx_word' id='word_1_266' title='bbox 1617 2342 1671 2378; x_wconf 79' lang='lat'>32.</span> <span class='ocrx_word' id='word_1_267' title='bbox 1690 2332 1738 2368; x_wconf 93' lang='lat' dir='ltr'>D.</span> <span class='ocrx_word' id='word_1_268' title='bbox 1758 2332 1826 2369; x_wconf 77' lang='lat' dir='ltr'>La-</span> 
     </span>
     <span class='ocr_line' id='line_1_34' title="bbox 377 2391 1718 2440; baseline 0.002 -12"><span class='ocrx_word' id='word_1_269' title='bbox 377 2393 480 2429; x_wconf 83' lang='lat' dir='ltr'>mark</span> <span class='ocrx_word' id='word_1_270' title='bbox 506 2397 602 2439; x_wconf 79' lang='lat' dir='ltr'>cujus</span> <span class='ocrx_word' id='word_1_271' title='bbox 627 2392 1128 2440; x_wconf 29' lang='lat' dir='ltr'>distributionirsystematicae</span> <span class='ocrx_word' id='word_1_272' title='bbox 1148 2393 1209 2432; x_wconf 89' lang='lat' dir='ltr'>sua</span> <span class='ocrx_word' id='word_1_273' title='bbox 1231 2393 1286 2432; x_wconf 85' lang='lat' dir='ltr'>est</span> <span class='ocrx_word' id='word_1_274' title='bbox 1311 2394 1394 2432; x_wconf 69' lang='lat' dir='ltr'>vere</span> <span class='ocrx_word' id='word_1_275' title='bbox 1413 2394 1490 2431; x_wconf 80' lang='lat' dir='ltr'>laus</span> <span class='ocrx_word' id='word_1_276' title='bbox 1517 2391 1718 2437; x_wconf 73' lang='lat' dir='ltr'>tribuenda.</span> 
     </span>
    </p>

    <p class='ocr_par' dir='ltr' id='par_1_7' title="bbox 373 2450 1845 2721">
     <span class='ocr_line' id='line_1_35' title="bbox 425 2450 1828 2506; baseline 0.003 -15"><span class='ocrx_word' id='word_1_277' title='bbox 425 2450 439 2476; x_wconf 80' lang='lat'><strong><em>⁶</em></strong></span> <span class='ocrx_word' id='word_1_278' title='bbox 466 2457 516 2492; x_wconf 89' lang='lat' dir='ltr'>Ur</span> <span class='ocrx_word' id='word_1_279' title='bbox 539 2456 633 2494; x_wconf 90' lang='lat' dir='ltr'>libro</span> <span class='ocrx_word' id='word_1_280' title='bbox 661 2457 810 2496; x_wconf 88' lang='lat' dir='ltr'>cuilibet</span> <span class='ocrx_word' id='word_1_281' title='bbox 835 2457 942 2495; x_wconf 84' lang='lat' dir='ltr'>index</span> <span class='ocrx_word' id='word_1_282' title='bbox 967 2458 1169 2503; x_wconf 73' lang='lat' dir='ltr'>opportune</span> <span class='ocrx_word' id='word_1_283' title='bbox 1195 2456 1375 2506; x_wconf 86' lang='lat' dir='ltr'>subjicitur</span> <span class='ocrx_word' id='word_1_284' title='bbox 1400 2457 1547 2496; x_wconf 84' lang='lat' dir='ltr'>brevem</span> <span class='ocrx_word' id='word_1_285' title='bbox 1572 2459 1828 2495; x_wconf 67' lang='lat' dir='ltr'>contentorum</span> 
     </span>
     <span class='ocr_line' id='line_1_36' title="bbox 376 2506 1837 2567; baseline 0.003 -12"><span class='ocrx_word' id='word_1_286' title='bbox 376 2519 554 2556; x_wconf 79' lang='lat' dir='ltr'>rationem</span> <span class='ocrx_word' id='word_1_287' title='bbox 583 2518 754 2558; x_wconf 83' lang='lat' dir='ltr'>exhibens</span> <span class='ocrx_word' id='word_1_288' title='bbox 773 2551 784 2567; x_wconf 93' lang='lat'><strong>,</strong></span> <span class='ocrx_word' id='word_1_289' title='bbox 818 2519 864 2559; x_wconf 83' lang='lat' dir='ltr'>fic</span> <span class='ocrx_word' id='word_1_290' title='bbox 890 2522 926 2558; x_wconf 86' lang='lat' dir='ltr'>in</span> <span class='ocrx_word' id='word_1_291' title='bbox 956 2519 1021 2558; x_wconf 89' lang='lat' dir='ltr'>usu</span> <span class='ocrx_word' id='word_1_292' title='bbox 1047 2520 1218 2559; x_wconf 89' lang='lat' dir='ltr'>botanico</span> <span class='ocrx_word' id='word_1_293' title='bbox 1253 2522 1349 2559; x_wconf 88' lang='lat' dir='ltr'>utilis</span> <span class='ocrx_word' id='word_1_294' title='bbox 1378 2506 1443 2558; x_wconf 59' lang='lat' dir='ltr'>cst⁶</span> <span class='ocrx_word' id='word_1_295' title='bbox 1462 2517 1707 2566; x_wconf 83' lang='lat' dir='ltr'>systematicus</span> <span class='ocrx_word' id='word_1_296' title='bbox 1732 2519 1837 2560; x_wconf 80' lang='lat' dir='ltr'>ordo&#39;</span> 
     </span>
     <span class='ocr_line' id='line_1_37' title="bbox 373 2580 1826 2631; baseline 0.001 -10"><span class='ocrx_word' id='word_1_297' title='bbox 373 2580 440 2621; x_wconf 80' lang='lat' dir='ltr'>seu</span> <span class='ocrx_word' id='word_1_298' title='bbox 470 2582 575 2620; x_wconf 83' lang='lat' dir='ltr'>index</span> <span class='ocrx_word' id='word_1_299' title='bbox 604 2583 833 2624; x_wconf 83' lang='lat' dir='ltr'>methodicus</span> <span class='ocrx_word' id='word_1_300' title='bbox 860 2585 1063 2631; x_wconf 82' lang='lat' dir='ltr'>plantarum</span> <span class='ocrx_word' id='word_1_301' title='bbox 1088 2585 1378 2624; x_wconf 85' lang='lat' dir='ltr'>distributionem</span> <span class='ocrx_word' id='word_1_302' title='bbox 1403 2581 1590 2630; x_wconf 78' lang='lat' dir='ltr'>proferens</span> <span class='ocrx_word' id='word_1_303' title='bbox 1618 2581 1762 2622; x_wconf 81' lang='lat' dir='ltr'>facilem</span> <span class='ocrx_word' id='word_1_304' title='bbox 1785 2584 1826 2623; x_wconf 79' lang='lat' dir='ltr'>in</span> 
     </span>
     <span class='ocr_line' id='line_1_38' title="bbox 375 2643 1845 2721; baseline 0.003 -37"><span class='ocrx_word' id='word_1_305' title='bbox 375 2646 446 2693; x_wconf 69' lang='lat' dir='ltr'>qua</span> <span class='ocrx_word' id='word_1_306' title='bbox 461 2645 608 2695; x_wconf 76' lang='lat' dir='ltr'>quaefita:</span> <span class='ocrx_word' id='word_1_307' title='bbox 632 2649 734 2707; x_wconf 78' lang='lat' dir='ltr'>citius</span> <span class='ocrx_word' id='word_1_308' title='bbox 760 2651 995 2697; x_wconf 87' lang='lat' dir='ltr'>reperiuntur.</span> <span class='ocrx_word' id='word_1_309' title='bbox 1025 2650 1156 2688; x_wconf 84' lang='lat' dir='ltr'>Talem</span> <span class='ocrx_word' id='word_1_310' title='bbox 1178 2648 1330 2698; x_wconf 80' lang='lat' dir='ltr'>przmisi</span> <span class='ocrx_word' id='word_1_311' title='bbox 1347 2647 1538 2698; x_wconf 77' lang='lat' dir='ltr'>generibus</span> <span class='ocrx_word' id='word_1_312' title='bbox 1563 2649 1708 2688; x_wconf 63' lang='lat' dir='ltr'>incerte</span> <span class='ocrx_word' id='word_1_313' title='bbox 1732 2643 1845 2721; x_wconf 58' lang='lat' dir='ltr'>stdiq</span> 
     </span>
    </p>
   </div>
  </div>
 </body>
</html>
