1845 2968
282 145 372 207 306

276 237 396 289 quam
424 234 637 280 immixtis,
666 232 844 285 pluribus
871 230 1031 283 quidem
1059 230 1097 269 in
1129 231 1341 284 perigynia
1370 234 1486 287 quam
1522 234 1560 274 in
1590 234 1724 287 hypo·

275 303 399 357 gynia
417 332 428 350 ,
444 315 493 343 ex
509 302 587 353 jam
615 300 726 339 dietis
743 312 780 350 p.
799 310 862 347 74.
882 296 945 348 87.
966 311 1034 347 231
1056 328 1068 345 ,
1083 297 1124 336 &
1141 311 1189 337 ex
1207 298 1465 341 observandis
1486 302 1524 341 in
1539 300 1723 356 praesenti

276 369 390 410 classe
421 368 531 419 cujus
563 367 721 407 ordines
751 364 823 402 vix
858 363 1018 416 quidam
1054 363 1249 403 habentur
1282 367 1451 406 omnino
1477 367 1725 421 polypetali,

276 439 370 478 dum
408 438 446 476 in
482 432 717 488 praecedenti
756 430 1030 470 numerosiore
1064 431 1279 483 pauciffimi
1315 435 1528 486 generibus
1562 433 1726 488 apetalis

276 505 535 557 implicantur.
561 500 706 539 Rarior
737 497 901 538 corollae
925 498 1170 551 polypetalae
1199 501 1404 552 perigynae
1425 502 1464 541 in
1494 511 1729 554 monopeta-

275 571 351 610 lam
375 567 585 608 conversio
604 597 616 616 ‚
640 565 758 618 parce
789 564 957 605 reserata
983 565 1020 604 in
1049 564 1326 617 Sempervivis
1342 596 1355 612 ‚
1373 566 1728 616 Portulaceis‚Le··

276 635 488 691 guminosis
519 634 559 672 δι
598 632 790 672 Rliamnis
812 663 824 680 ‚
859 645 938 672 non
975 632 1012 670 in
1046 632 1257 684 generibus
1292 632 1526 686 polyandris
1557 635 1690 675 habita
1714 664 1728 684 ,

276 705 342 745 sed
365 705 404 742 in
428 701 585 741 desinite
604 698 854 740 staminiferis
875 712 1047 752 quorum
1067 699 1227 739 stamina
1251 710 1370 746 tunc,
1392 702 1626 754 general‘iOri
1649 701 1728 754 legi

275 770 587 824 obtemperantia
604 801 615 818 ,
644 779 792 808 mutato
819 767 893 807 situ
927 780 975 806 ex
1001 768 1206 820 perigynis
1228 768 1329 808 fiunt
1355 768 1493 822 saepiiis
1519 768 1750 823 epipetala.'

276 840 449 881 Cuilibet
474 837 665 891 praeterea
691 835 878 875 scrutanti
901 835 1038 875 varios
1065 834 1323 875 insertionum
1349 836 1491 876 modos
1505 836 1730 877 manifestus

276 907 344 946 fiet
370 905 582 945 uniformis
612 904 647 942 in
681 901 833 955 singulo
865 901 1008 942 ordine
1033 901 1241 941 staminum
1271 901 1395 949 situs,
1428 903 1467 942 in
1496 903 1728 957 quibusdam

274 985 405 1014 tamen
439 973 544 1025 aegre
580 970 827 1012 definiendus
864 969 996 1009 habita
1026 969 1182 1009 ratione
1213 969 1374 1023 pistilli,
1405 971 1510 1010 inter
1540 970 1732 1024 hypogy-

275 1042 380 1081 niam
412 1042 454 1081 &
487 1039 737 1093 perigyniam
772 1048 916 1089 anceps
945 1035 1246 1076 indeterminata
1286 1036 1355 1089 (p.
1391 1050 1478 1090 154.
1509 1037 1614 1090 230)
1636 1035 1730 1076 disci

276 1107 506 1150 staminiferi
534 1106 691 1158 origine
707 1135 719 1153 ‚
753 1104 796 1144 &
819 1102 1002 1154 analogia
1026 1101 1309 1153 conjiciendus.

326 1176 444 1216 Utin
473 1169 1065 1227 Hypogynis'praecedentibus
1095 1182 1132 1222 p.
1164 1183 1266 1222 229,
1293 1169 1345 1209 sic
1379 1170 1421 1209 ὅ(
1455 1170 1494 1223 ‘in
1522 1169 1733 1223 Perigynis

277 1256 381 1284 nunc
409 1241 628 1282 scrutandis
652 1238 780 1279 facilis
799 1237 951 1278 claffica
978 1237 1195 1289 designatio
1220 1250 1269 1276 ex
1297 1237 1559 1278 essentialibus
1583 1237 1624 1277 δι
1650 1239 1735 1291 pri-

277 1310 414 1352 mariis
441 1307 709 1349 caracteribus
747 1305 982 1358 deprompta
1006 1333 1020 1349 ,
1054 1303 1255 1344 difficilior
1293 1302 1477 1344 ordinum
1511 1302 1735 1357 distributio

278 1376 433 1417 defe&u
467 1373 712 1414 caraeterum
740 1372 841 1411 inter
871 1369 1124 1410 secundarios
1153 1369 1462 1422 generaliorum.
1489 1370 1608 1411 Nulla
1628 1371 1736 1412 enim

278 1445 321 1484 in
352 1444 399 1483 ea
428 1442 642 1497 partitione
677 1439 826 1479 utilitas
857 1436 1112 1491 percipienda
1146 1449 1195 1476 ex
1229 1449 1476 1490 organorum
1520 1437 1736 1478 sexualium

279 1512 354 1552 situ
383 1522 450 1551 aut
475 1521 645 1549 numero
663 1537 674 1555 ,
701 1506 795 1547 diim
822 1505 861 1544 in
892 1503 1025 1544 iisdem
1055 1503 1266 1544 ordinibus
1291 1504 1332 1544 δι
1362 1505 1562 1558 praecipue
1587 1506 1627 1546 in
1655 1505 1739 1546 Ro-

280 1579 403 1620 faceis
430 1585 675 1618 concurrunt
705 1573 867 1613 stamina
894 1571 1056 1612 definita
1088 1583 1180 1611 curn
1206 1571 1422 1611 indefinitis
1439 1601 1450 1621 ‚
1480 1585 1641 1625 germen
1668 1573 1737 1614 su·-

281 1660 421 1699 perum
453 1658 544 1686 cum
579 1641 708 1682 infero
729 1671 741 1689 ,
775 1653 866 1680 cum
893 1639 1059 1692 simplici
1084 1638 1303 1692 multiplex.
1333 1639 1493 1680 Certius
1522 1641 1562 1680 in
1595 1641 1740 1681 intimo

281 1715 426 1755 semine
455 1712 550 1752 latet
578 1709 787 1749 divisionis
818 1706 1084 1760 primordium
1111 1706 1190 1757 jam
1218 1707 1334 1761 antea
1357 1708 1395 1746 in
1421 1707 1656 1762 hypogynis
1683 1710 1743 1749 in·

283 1781 459 1835 figne.&
492 1780 530 1818 in
560 1776 763 1831 perigynis
787 1787 867 1815 non
895 1773 1207 1827 posthabendum
1238 1789 1246 1813 :
1281 1775 1333 1814 fic
1360 1775 1556 1816 ordiendo
1581 1777 1604 1816 a
1628 1776 1743 1818 semi-
1799 1774 1803 1778 ’

284 1850 402 1890 nibus
434 1846 602 1888 corculo
637 1845 812 1883 incurvo
844 1841 887 1880 &
919 1841 1156 1894 perispermo
1189 1853 1256 1882 aut
1294 1853 1398 1896 typo
1434 1843 1634 1886 farinaceo
1658 1845 1744 1885 ins-

283 1917 422 1958 truffls
448 1916 563 1955 datur
594 1911 795 1964 connexio
820 1923 911 1949 cum
938 1908 1256 1962 Caryophylleis
1289 1911 1328 1949 in
1364 1913 1602 1964 praecedenti
1629 1913 1744 1955 claffe

284 1985 436 2026 ultimis
454 1983 495 2022 δι
513 1989 749 2033 comparent
767 1978 839 2018 suo
866 1976 1006 2017 ordine
1021 1975 1301 2029 Sempervivae
1315 2010 1327 2028 ‚
1354 1978 1589 2033 Saxifragae,
1605 1980 1743 2023 Cam,

283 2051 554 2098 Portulaceae,
573 2049 602 2088 F
606 2048 787 2089 ico'ideae.
807 2044 997 2085 Proxime
1025 2045 1166 2084 instant
1184 2044 1331 2086 semina
1356 2045 1602 2100 perispermo
1621 2047 1738 2089 desti-

286 2130 372 2160 tuta
409 2119 449 2158 in
483 2117 686 2170 Onagtis‚
716 2114 866 2168 Myrtis
893 2143 907 2160 ,
952 2112 1222 2162 Melastomis,
1259 2113 1481 2160 Salicariis,
1520 2115 1740 2165 Rosaceis‚

286 2185 560 2239 Leguminosis
588 2185 630 2224 &
657 2182 976 2223 Terebintaceis.
1003 2180 1195 2221 Postremi
1227 2181 1424 2234 prodeunt
1445 2183 1618 2223 Rhamni
1636 2184 1742 2237 peri-

288 2253 445 2305 spermo
484 2251 654 2293 carnoso
684 2251 708 2291 a
742 2249 1057 2304 praecedentibus
1086 2248 1233 2290 diversi
1267 2249 1309 2290 δι
1338 2250 1583 2304 Euphorbiis
1611 2250 1652 2291 iti
1681 2249 1739 2291 se-

290 2321 425 2374 quenti
454 2321 564 2362 classe
587 2320 726 2374 primis
750 2317 983 2361 subsimiles.

917 2492 1130 2547 “ezzo-&²
