1845 2968
1404 150 1548 197 xxxix

104 252 304 306 proprios.
334 251 643 304 Omnesdgitur
676 248 793 300 hujus
822 248 1037 288 caradieres
1069 257 1149 285 non
1184 243 1272 297 jure
1302 243 1547 297 praeficiendi

101 320 193 360 sunt
213 322 369 362 caeteris
385 321 496 362 extra
510 318 823 373 prodeuntibus:
842 317 1031 356 foliorum
1052 313 1159 354 enim
1181 311 1275 351 situs
1298 324 1401 351 nunc
1419 313 1547 353 vincit

100 387 142 427 in
179 387 291 428 Rosa
316 388 486 428 formam
516 387 679 435 calicis,
709 397 812 425 nunc
839 384 880 422 in
911 381 1124 423 Valeriana
1154 379 1304 432 ipfimet
1339 378 1545 419 staminum

0 446 2 457 ’
51 492 54 494 ,
101 466 272 496 numero
299 455 466 509 praestat.
493 461 550 504 40.
574 453 769 494 Praeterea
790 464 881 492 cum
906 450 1120 491 cara&eres
1144 448 1356 487 habeantur
1380 448 1446 486 alii
1466 447 1546 501 ple-

100 533 271 575 rumque
300 523 537 568 mutabiles,
563 523 632 563 alii
657 519 881 562 alternatim
905 519 1059 559 stabiles
1084 527 1151 557 aut
1173 516 1306 563 varii,
1334 514 1400 554 alii
1427 514 1546 555 stabi-

98 587 245 639 liores,
270 590 431 632 diverse
456 591 548 631 ideo
575 589 785 631 ordinandi
814 586 902 626 sunt
925 587 1079 626 ratione
1105 584 1331 625 constantiae
1350 582 1424 621 &
1416 596 1457 621 m
1482 596 1546 622 re—

98 657 282 698 cenfione
318 653 399 698 non
438 657 668 699 numerandi
708 655 774 695 sed
811 654 1053 707 ponderandi
1078 684 1090 702 ‚
1124 654 1179 692 ita
1209 661 1253 691 ut
1286 650 1377 690 suus
1400 650 1545 704 cuique

97 725 362 768 constituatur
383 727 525 780 gradus
558 725 600 765 δε
623 737 717 763 unus
741 724 900 776 constans
919 722 1082 775 pluribus
1101 719 1379 774 inconstantibus
1405 732 1545 771 compar

95 805 162 831 aut
184 794 397 848 &superior
413 794 555 834 evadat.

147 858 340 900 Placitum
357 859 481 905 illud,
508 858 792 900 observatione
814 857 1089 898 confirmatum
1117 854 1158 894 δι
1183 855 1286 895 inter
1312 855 1416 907 leges
1441 854 1539 895 vere

95 926 292 967 naturales
319 928 614 980 reponendum,
644 927 770 980 priori
792 925 948 965 additur
978 925 1052 975 legi
1082 936 1160 976 qua
1190 923 1428 974 confhciandae
1453 923 1545 974 sunt

87 993 223 1048 plantae
238 992 364 1045 majori
375 997 582 1034 carablerum
597 1008 734 1033 numero
747 992 894 1047 affines,·
909 992 950 1031 δι
963 1005 1010 1031 ex
1027 991 1087 1030 his
1110 991 1260 1030 duabus
1277 1000 1540 1041 congruenter

92 1060 283 1114 expositis
310 1075 356 1102 ac
387 1061 637 1116 amplificatis
660 1061 813 1113 integra
838 1059 982 1112 pendet
1009 1058 1189 1110 genuinae
1215 1058 1435 1109 plantarum
1462 1058 1538 1096 dis-

91 1127 328 1168 tributionis
351 1142 503 1169 norma.
529 1128 619 1181 Qui
643 1127 825 1181 pluribus
848 1125 1078 1178 aequipollet
1097 1136 1196 1163 unus
1219 1124 1415 1168 carac'ter,
1438 1123 1537 1165 isin

92 1205 234 1246 genere
261 1194 412 1248 semper
435 1195 490 1236 est
513 1194 753 1243 uniformis3
779 1193 846 1246 qui
871 1192 1126 1246 paucioribus
1142 1222 1155 1239 ‚
1178 1192 1286 1231 valet
1313 1191 1538 1241 interdum3

93 1261 163 1314 qui
187 1262 421 1314 pauciffimis
435 1294 447 1312 ‚
469 1262 613 1316 speciei
642 1261 874 1302 definiendae
903 1259 1056 1300 tantum
1080 1259 1318 1311 impenditur
1339 1272 1349 1296 ε
1370 1258 1461 1297 inde
1478 1259 1539 1298 fo·

90 1326 242 1368 liorum
265 1329 380 1378 situs,
409 1330 512 1370 inter
536 1330 754 1370 carasteres
777 1327 1027 1368 semistabiles
1051 1325 1312 1373 ordinandus,
1342 1325 1536 1377 genericae

89 1395 375 1450 nonnunquam
391 1397 648 1450 designationi
663 1396 824 1450 prodest
841 1427 852 1445 ‚
875 1390 993 1448 aequo
1010 1394 1095 1445 jure
1122 1405 1212 1432 cum
1233 1393 1535 1433 semistabilihus

88 1459 406 1503 fruetificationis
440 1463 571 1516 fignis.
605 1464 700 1504 Non
741 1462 885 1503 sufficit
920 1472 1051 1501 tamen
1088 1460 1325 1499 caraffiterum
1368 1459 1535 1511 partitio

85 1528 231 1582 triplex
245 1543 258 1574 ς
275 1542 523 1584 unaquaeque
542 1530 737 1583 plurimos
761 1529 933 1570 admittit
960 1527 1104 1581 gradus
1128 1526 1233 1579 aegre
1260 1526 1506 1567 definiendos
1526 1551 1541 1572 ‚

85 1671 216 1702 terum
238 1663 414 1704 omnium
433 1676 632 1704 momenta
649 1664 888 1718 perpendat,
907 1662 1018 1703 suum
1035 1661 1192 1714 singulis
1219 1661 1352 1701 locum
1371 1656 1534 1699 daturus

87 1726 394 1776 immutabilem
414 1729 478 1769 sed
496 1730 578 1769 sola
596 1742 786 1782 generum
801 1730 898 1770 vere
912 1729 1148 1769 naturalium
1168 1729 1369 1780 mutuique
1390 1739 1532 1766 eorum

87 1793 281 1834 consortii
302 1795 446 1836 affidua
471 1798 726 1839 meditatione
744 1799 829 1839 haec
851 1798 972 1838 ardua
989 1797 1134 1850 poterit
1150 1795 1311 1836 stabiliri
1335 1793 1532 1846 gradualis

83 1862 326 1902 cara&erum
347 1863 564 1917 dispositio.

70 1931 73 1933 ’
135 1927 345 1982 Postquam
373 1930 553 1971 confines
582 1931 622 1970 in
648 1931 760 1972 suum
786 1933 965 1972 naturale
990 1942 1111 1983 genus
1132 1928 1295 1981 simplex
1316 1938 1382 1966 aut
1408 1924 1530 1978 parti-

85 2005 171 2035 tum
205 1995 368 2036 fuerunt
407 1997 553 2037 adanae
585 1996 768 2050 species,
805 1998 997 2038 confimili
1034 1997 1156 2036 modo
1191 2008 1236 2034 ac
1269 1994 1404 2034 eadem
1442 1993 1528 2044 lege

86 2061 274 2101 neaenda
299 2061 388 2102 sunt
413 2075 558 2116 genera
582 2075 749 2115 cognata
774 2063 815 2102 δε
842 2065 882 2102 in
907 2064 1065 2102 ordines
1088 2059 1371 2112 congreganda.
1401 2058 1528 2110 Hujus

85 2139 218 2168 autem
246 2128 557 2169 consociationis
588 2130 768 2182 exempla
795 2130 834 2168 in
864 2140 1042 2182 apertum
1077 2128 1342 2179 conjiciuntur
1367 2126 1527 2165 favente

40 2204 43 2205 ’
86 2195 252 2245 natura,
272 2197 414 2248 nempe
443 2197 602 2237 ordines
629 2198 742 2237 certo
769 2197 965 2237 naturales
990 2196 1030 2236 δι
1057 2193 1313 2247 speuatiffimi
1331 2222 1341 2238 ,
1368 2193 1408 2231 in
1426 2191 1526 2244 Sys-

83 2263 362 2302 tematicorum
393 2264 588 2304 methodis
624 2263 728 2317 saepe
760 2264 915 2304 indivisi
943 2294 956 2310 ,
998 2264 1131 2316 quales
1162 2265 1245 2301 sunt
1267 2259 1491 2300 Grainineae
1512 2289 1526 2307 ‚

85 2329 269 2370 Liliaceae
286 2361 298 2378 ,
327 2330 500 2370 Labiatae
523 2363 534 2380 ,
558 2331 802 2384 Compositae
818 2363 829 2379 ,
855 2331 1144 2378 Umbelliferae,
1177 2327 1394 2369 Cruciferae
1410 2360 1420 2373 ‚
1446 2326 1526 2366 Le·-

85 2396 317 2450 guminosae.
348 2397 405 2437 Ut
435 2398 626 2451 praecipui
651 2398 869 2451 specierum
907 2398 1122 2438 car-abietes
1155 2395 1434 2436 constituendis
1465 2406 1526 2446 ge-

85 2465 246 2504 neribus
272 2464 571 2517 impenduntur,
591 2465 641 2504 fic
669 2477 750 2505 non
777 2466 910 2506 omnia
929 2478 1112 2517 generum
1138 2464 1241 2514 signa
1264 2462 1325 2503 sed
1345 2462 1525 2501 constan-

84 2530 191 2573 tiora
217 2531 369 2572 tantum
396 2532 638 2590 designandis
657 2533 865 2574 ordinibus
885 2535 1018 2586 priora
1043 2532 1185 2571 merito
1207 2541 1401 2583 aptantur.
1425 2528 1527 2581 Quo

85 2598 308 2652 generalior
343 2599 448 2640 enim
478 2610 585 2639 extat
624 2600 842 2653 plantarum
879 2601 1077 2642 ordinatio
1108 2599 1322 2652 quaelibet,
1352 2597 1401 2636 co
1429 2609 1525 2648 pau-

85 2665 262 2707 cioribus
288 2667 412 2709 utitur
436 2667 552 2722 signis
574 2667 884 2717 definientibus;
910 2668 1066 2708 sancitae
1090 2677 1220 2707 tamen
1247 2666 1525 2716 obtemperans

1191 2749 1214 2780 c
1240 2749 1287 2779 iv

1575 942 1773 978 Affinitaturn

1566 989 1648 1032 leges
1677 998 1774 1032 natur-

1565 1036 1650 1067 tales.

52 1635 58 1638 .
85 1595 338 1649 optimusque
355 1597 537 1637 Botanici
563 1597 758 1638 Naturam
786 1597 963 1638 seetantis
987 1595 1100 1634 labor
1130 1595 1163 1633 is
1191 1594 1292 1641 erit,
1321 1589 1367 1633 'ut
1400 1605 1534 1632 carac-
1584 1642 1587 1645 1

1601 2009 1737 2043 Ordines

1555 2056 1724 2090 naturales.
