1845 2968
1407 113 1504 177 xiiij

53 203 331 257 peremineant.
358 205 466 246 Huic
487 203 718 259 probationi
742 202 957 257 plurimum
982 202 1193 244 conferunt
1218 203 1426 257 supradiffi
1447 218 1509 246 or-

61 270 171 317 dines
203 271 400 312 naturales
427 276 530 312 nun‘c
559 270 731 318 admiffi,
757 273 797 311 in
823 272 965 324 quibus
988 282 1186 312 tentantur
1214 272 1507 324 promulgandae

56 335 162 389 leges
186 338 384 379 botanicae
406 369 418 388 ‚
438 338 663 379 accuratius
691 340 974 379 conservandae
999 339 1091 380 dum
1111 338 1208 378 nulli
1230 338 1507 379 contradicunt

58 403 211 453 ordini,
233 404 503 445 incunekmter
533 404 758 457 rejiciendae
789 404 815 444 fi
844 405 905 444 vel
935 405 1001 445 uni
1026 414 1254 458 repugnent.

110 471 166 512 10⁴.
190 472 417 513 Caraeieres
438 473 477 512 in
504 473 710 513 ordinibus
734 472 946 526 plurimum
980 485 1048 512 aut
1076 472 1358 526 nonnunquam
1383 472 1504 512 insta-

53 536 155 577 biles
178 538 226 579 iis
252 540 444 593 primario
471 540 703 581 definiendis
726 540 944 580 nullatenus
974 541 1333 593 inserviunt,.quia
1354 539 1504 592 fignum

51 604 93 644 in
107 605 358 649 ordinatione
377 609 529 662 partiali
557 609 715 649 varium
730 640 742 658 ‚
770 608 808 646 in
830 608 1066 660 generaliori
1086 607 1264 661 profeffiio
1282 620 1360 646 non
1385 607 1503 646 valet-

51 673 150 714 Inde
163 674 397 728 ablegantur
411 689 541 730 partes
557 677 597 715 in
611 676 823 728 generibus
837 675 1083 715 coordinatis
1098 675 1296 716 interdum
1311 673 1505 728 saepiusve

53 753 136 781 non
162 742 392 785 conformes
406 774 418 792 ‚
441 755 484 783 ut
502 743 636 788 radix,
654 742 776 782 caulis
794 742 836 782 &
857 741 966 783 folia.
988 743 1120 797 Radix!
1139 744 1176 782 in
1199 743 1379 783 Liliaceis
1399 754 1503 782 nunc

23 809 238 850 =tuberosa
272 821 380 850 extat
407 822 511 850 nunc
543 810 767 863 capillacea.
799 810 1120 864 Compositarum
1155 810 1251 850 folia
1287 811 1375 850 sunt
1405 823 1505 863 pro·

51 875 202 917 misene
229 878 378 918 alterna
402 888 469 917 aut
494 877 702 930 opposita,
726 878 912 931 simplicia
936 891 1003 918 aut
1029 880 1199 930 pinnata.
1227 877 1501 932 Leguminosae

49 941 92 981 &
110 941 381 984 Umbelliferae
406 944 446 983 in
473 944 562 984 aliis
583 944 723 984 dantur
744 945 971 993 herbaceae‚
999 946 1038 985 in
1066 945 1154 985 aliis
1182 945 1416 985 fruticantur
1433 957 1502 986 aut

46 1009 315 1052 arborescunt.
339 1010 438 1052 Inde
469 1012 588 1052 etiam
612 1025 694 1052 non
720 1012 864 1052 rectius
888 1013 928 1051 in
957 1013 1100 1065 plantis
1128 1013 1390 1053 discernendae
1417 1012 1501 1052 sunt

44 1075 180 1121 herbae
205 1078 247 1120 &
274 1079 438 1120 arbores
469 1093 588 1132 quam
616 1079 656 1118 in
684 1080 968 1120 Animantibus
992 1081 1309 1133 quadrupedibus
1336 1079 1502 1133 Elephas

0 1190 6 1201 Ι
47 1143 92 1182 &
127 1144 220 1185 Mus
238 1175 251 1193 ,
276 1146 315 1185 in
345 1146 507 1186 Avibus
540 1146 722 1186 Struthio
755 1146 796 1186 δι
826 1147 1057 1191 Trochilus,
1084 1147 1277 1187 Praeterea
1305 1147 1426 1186 caulis
1459 1149 1501 1188 &

42 1209 138 1252 folia
173 1214 412 1268 quandoque
444 1213 584 1259 nulla,
616 1213 708 1254 ideo
744 1215 965 1267 praecipuas
999 1215 1102 1258 inter
1135 1224 1266 1267 partes
1300 1216 1499 1256 numerari

43 1289 258 1333 nequeunt.
474 1274 477 1276 ¹
1123 1325 1126 1328 .

95 1360 150 1387 20.
187 1349 368 1389 Primatii
405 1350 526 1402 igitur
560 1348 775 1393 caraGieres
810 1348 850 1387 in
890 1348 1067 1401 partibus
1105 1348 1419 1389 fruetificationis
1455 1350 1498 1388 &

40 1404 266 1468 'praeprimis
281 1416 321 1455 in
342 1415 606 1456 essentialibus
632 1415 890 1462 delitescunt3
917 1414 1008 1454 inde
1036 1414 1166 1455 minus
1188 1427 1375 1455 curantur
1393 1415 1497 1455 calix

44 1481 87 1521 &
116 1481 299 1531 corolla,
332 1485 423 1535 quia
456 1494 669 1534 utrumque
700 1481 796 1520 illud
825 1481 1133 1533 integumentum
1162 1482 1292 1522 minus
1324 1482 1494 1522 necessa-

42 1548 146 1588 rium
159 1579 171 1598 ‚
187 1549 300 1589 fimul
328 1560 396 1590 aut
419 1550 640 1603 singulatim
659 1550 801 1602 absque
823 1549 928 1589 noxa
944 1549 1098 1597 deficit,
1116 1550 1215 1590 flore
1236 1549 1495 1590 nihilominu3

42 1616 93 1655 ad
117 1618 413 1668 generationem
438 1630 532 1671 apto
551 1617 701 1657 &ideo
721 1617 906 1671 perfeE'to.
935 1618 1091 1658 Horum
1119 1618 1278 1670 insuper
1304 1617 1493 1670 praecipui

42 1683 279 1737 quandoque
303 1685 476 1724 titubant
493 1685 731 1735 caraderes,
757 1685 916 1725 sociatis
939 1686 978 1724 in
1008 1685 1150 1726 eodem
1167 1685 1308 1725 ordine
1329 1684 1494 1725 corollis

41 1752 307 1804 monopetalis
323 1753 365 1792 δι
382 1753 644 1806 polypetalis,
666 1753 787 1794 calice
811 1752 951 1806 supero
975 1753 1016 1792 δι
1041 1753 1170 1793 infero
1186 1782 1201 1799 ,
1223 1752 1491 1806 monophyllo

42 1817 84 1858 ὃ(
110 1819 372 1872 polyphyllo.

95 1895 150 1938 3⁰.
173 1884 347 1935 Exclusis
373 1885 497 1925 calice
516 1886 557 1926 &
580 1886 733 1927 corolla
749 1919 760 1935 ‚
784 1888 871 1939 jure
899 1888 1100 1940 prodeunt
1127 1900 1273 1940 organa
1296 1887 1496 1936 sexualia;

38 1951 181 2005 speciei
220 1942 484 2007 propagandae
515 1954 725 1993 necessaria
762 1954 804 1993 &
837 1954 907 2007 ipsi
941 1965 1035 1994 tunc
1067 1954 1305 2003 essentialia,
1342 1967 1430 2007 quae
1461 1953 1490 1994 fi

38 2020 184 2060 abortu
214 2019 336 2060 defint
362 2020 401 2059 in
432 2021 669 2069 individuo,
701 2020 799 2059 nihil
832 2021 922 2060 inde
954 2021 1205 2073 consequitur
1233 2021 1303 2060 nisi
1338 2023 1490 2074 imper-

38 2086 184 2127 seeum
214 2086 357 2140 plantae
378 2087 576 2140 specimen
597 2088 620 2126 a
649 2087 789 2127 natura
814 2088 1002 2128 abludens
1025 2089 1067 2128 &
1089 2088 1129 2127 in
1151 2088 1362 2128 universali
1388 2088 1489 2129 serie

40 2155 207 2195 nullum.
230 2154 329 2194 Haec
358 2167 451 2194 vera
477 2154 638 2207 perfeEti
666 2154 776 2194 floris
803 2167 951 2207 organa
974 2154 1084 2194 fimul
1111 2155 1335 2208 conspirant
1360 2156 1399 2195 in
1421 2168 1488 2207 ge-

39 2221 290 2261 nerationem
307 2219 464 2261 seminis
486 2221 553 2261 seu
577 2221 718 2261 futurae
741 2221 925 2274 plantulae
950 2235 1036 2274 quae
1057 2234 1204 2261 novam
1230 2222 1486 2274 germinando

41 2287 260 2341 ingreditur
283 2288 429 2336 vitam,
453 2289 555 2328 ultra
579 2288 802 2342 processura
824 2288 950 2329 donec
968 2288 1215 2330 conformem·
1232 2289 1367 2329 debito
1385 2299 1484 2329 tem·

41 2368 140 2410 pore
168 2354 322 2409 prolem
345 2354 567 2408 susceperit.

90 2422 158 2472 4⁰.
183 2421 355 2475 Expleto
380 2435 541 2462 munere
559 2422 745 2464 decidunt
771 2423 930 2464 stamina
946 2436 1036 2464 cum
1054 2423 1191 2475 stylis,
1214 2425 1261 2465 ad
1281 2423 1320 2464 id
1334 2424 1485 2465 tantum

39 2490 154 2530 utilia
178 2501 223 2531 ut
254 2490 410 2531 seminis
437 2489 541 2530 intra
566 2489 733 2531 fruRum
764 2493 958 2533 reconditi
979 2491 1292 2532 secundationem
1321 2504 1486 2545 operen-

40 2566 106 2595 tur
130 2567 200 2596 aut
230 2569 512 2610 promoveant.
541 2557 637 2599 Inde
669 2557 795 2600 semen
827 2571 895 2600 aut
922 2560 1063 2599 reffliis
1095 2560 1297 2600 corculum
1327 2560 1365 2598 in
1396 2560 1483 2612 ipso

40 2621 271 2666 delitescens
290 2654 303 2675 ‚
335 2626 508 2679 primum
534 2626 705 2678 junioris
731 2628 876 2683 plantae
905 2628 1167 2669 rudimentum
1185 2657 1197 2676 ‚
1232 2638 1323 2680 pars
1353 2626 1408 2667 est
1440 2626 1481 2666 in
