1845 2968
389 419 882 475 CLASSIS
957 421 1177 480 XIV.

84 564 367 618 PLANTAE
412 563 971 619 DICOTYLEDONES
1011 531 1481 622 POLNYPETAVLAE.'

324 708 730 752 STAMINA
782 710 1256 753 PERIGYNA.

64 823 305 896 CALIX
349 838 686 907 monophyllus
714 880 726 899 ‚
771 836 959 906 superus
999 855 1080 889 aut
1119 831 1325 901 infertm,
1370 845 1506 908 apice

62 919 236 970 divisus
274 936 354 968 aut
395 918 631 984 profunde
675 923 887 984 partitus,
916 920 1112 968 Corolia
1157 923 1384 988 perigyna
1425 920 1507 972 seu

63 1002 163 1046 imo
197 1014 277 1047 aut
307 997 493 1047 summo
525 998 660 1046 calici
692 998 861 1046 inserta
885 1037 898 1057 ‚
934 999 1208 1065 polypetala
1235 1014 1316 1047 aut
1347 1017 1505 1065 quan-

63 1076 222 1142 doque
259 1072 390 1124 nulla
432 1092 512 1124 aut
548 1078 694 1125 mritis
728 1077 1035 1142 monopetala
1072 1078 1233 1142 petalis
1268 1082 1316 1126 in
1353 1097 1506 1129 unum

63 1156 259 1203 coalitis.
305 1146 517 1203 Stamina
563 1159 791 1224 perigyna
814 1196 826 1214 ,
871 1155 1063 1204 definita
1099 1170 1180 1204 aut
1218 1157 1464 1206 indefinita
1487 1197 1502 1218 ,

61 1231 178 1298 saepe
201 1232 413 1282 distincta
440 1249 520 1282 aut
548 1235 787 1282 interdsstm
817 1235 1064 1282 filamentis
1088 1234 1273 1283 coalita.
1295 1237 1507 1286 Germen

62 1309 286 1375 superum
333 1311 529 1377 simplex
582 1313 892 1378 multiplexve
923 1352 935 1371 ‚
983 1327 1064 1359 aut
1104 1312 1250 1361 rathis
1297 1311 1505 1364 inferum

66 1388 292 1455 fimplex3
333 1391 514 1455 singulo
551 1394 752 1456 germini
785 1387 924 1458 stylus
954 1393 1118 1438 unicus
1150 1406 1230 1439 aut
1258 1392 1507 1457 multiplex

63 1483 145 1516 aut
191 1469 344 1516 nullus
369 1509 381 1527 ‚
428 1470 594 1533 stigma
641 1471 876 1533 integrum
920 1485 1001 1517 aut
1044 1467 1260 1517 divisum.
1310 1470 1507 1518 Fructus

63 1560 192 1595 nunc
224 1546 420 1611 simplex
461 1545 649 1612 superus
685 1561 767 1594 aut
806 1543 979 1594 inferus
1003 1587 1014 1606 ‚
1054 1551 1136 1594 uni
1167 1562 1248 1595 aut
1289 1549 1506 1597 multilo—

64 1625 263 1684 cul-aris‚
304 1643 431 1674 nunc
468 1627 613 1674 ramis
649 1627 899 1690 multiplex
935 1625 1122 1690 superus
1157 1625 1340 1691 fingulo
1377 1630 1505 1692 peri-

61 1707 225 1770 carpio
251 1704 546 1753 unilo‘culati.
576 1705 720 1754 Sexus
744 1702 982 1753 interdssim
1006 1704 1178 1754 abortu
1201 1705 1416 1754 distinffi.

117 1846 217 1883 OBS.
248 1843 456 1883 Numerofi
483 1838 805 1896 Polypetalarum
837 1843 998 1883 ordines
1024 1842 1064 1882 in
1090 1843 1238 1895 triplici
1269 1840 1382 1883 claffe
1414 1844 1505 1884 col»

61 1908 152 1949 leffi
175 1939 186 1957 ,
213 1910 291 1961 jam
321 1908 506 1962 prodiere
536 1908 748 1961 pauciffimi
777 1921 814 1960 p.
853 1916 941 1959 2¹7·
979 1908 1184 1948 staminum
1216 1909 1404 1962 epigynia
1439 1911 1506 1949 in-

62 1975 187 2028 signes
215 1976 256 2015 &
279 1976 409 2016 'multe
435 1976 566 2028 plures
595 1989 632 2028 p.
661 1989 747 2028 230.
778 1975 1020 2028 hypogyn'i‘ssi
1047 1974 1232 2027 defignati
1253 2006 1265 2023 ‚
1297 1988 1402 2016 nunc
1425 1987 1504 2018 tre-

64 2042 193 2081 decim
219 2043 376 2083 circiter
399 2042 550 2082 fistendi
582 2042 791 2095 supersunt
818 2042 1021 2081 communi
1043 2042 1265 2094 perigyniae
1283 2055 1386 2083 nexu
1405 2057 1504 2085 con·

62 2107 194 2160 juncti.
214 2108 336 2161 Quos
361 2109 399 2147 in
429 2108 606 2160 Apetalis
639 2107 771 2147 socios
798 2107 935 2146 habuit
963 2107 1176 2147 caracteres
1203 2106 1407 2148 staminum
1439 2121 1506 2163 pe-

59 2174 218 2226 rigynia
241 2204 251 2221 ‚
277 2174 432 2214 eosdem
463 2173 545 2214 fere
581 2175 617 2213 in
657 2173 905 2225 Polypetalis
935 2173 1005 2212 fibi
1035 2173 1212 2213 vindicat
1244 2174 1503 2228 adaequatos‚

61 2240 206 2293 nempe
234 2239 395 2280 calicem
424 2239 577 2292 semper
603 2240 910 2292 monophyllum
928 2269 940 2288 ,
967 2239 1125 2279 stamina
1157 2238 1318 2280 definita
1346 2253 1413 2281 aut
1441 2243 1501 2282 in-

63 2307 225 2347 definita
241 2336 253 2356 ‚
278 2319 440 2359 germen
466 2307 649 2360 superum
679 2319 747 2347 aut
768 2306 935 2346 inferum
954 2337 966 2355 ,
990 2306 1151 2359 simplex
1174 2317 1242 2346 aut
1271 2307 1476 2362 multiplex
1491 2340 1504 2359 ‚

62 2374 105 2413 &
132 2369 323 2426 prae'tereii
344 2374 537 2414 corollam
557 2374 784 2428 plerumque
805 2375 1015 2416 exstantem
1031 2403 1046 2419 ,
1072 2373 1210 2426 saepiiis
1230 2372 1502 2427 polypetalam

62 2443 105 2483 δι
130 2455 210 2482 non
236 2441 535 2489 flammiferam,
564 2441 717 2494 semper
738 2441 982 2495 perigynam.

114 2511 217 2549 Haec
242 2521 370 2549 autem
401 2508 553 2548 corolla
569 2537 582 2553 ,
611 2508 702 2548 licet
724 2509 826 2548 inter
855 2509 1078 2561 praecipuos
1103 2506 1318 2548 caraaeres
1341 2520 1503 2550 enume-

62 2587 169 2626 rata,
202 2576 331 2616 miniis
359 2575 568 2615 essentialis
590 2574 731 2627 utpote
756 2588 835 2614 non
867 2574 1126 2623 flammifera,
1152 2573 1293 2628 passim
1320 2575 1504 2616 aboletur

63 2644 239 2688 recidive
256 2643 490 2697 exceptione
503 2672 515 2693 ,
532 2642 737 2695 generibus
758 2642 920 2695 apetalis
938 2642 1035 2683 inter
1053 2638 1305 2696 polypetalos
1326 2653 1504 2682 nonnun-

1204 2709 1247 2758 V
