<?xml version="1.0" encoding="UTF-8"?>
<!DOCTYPE html PUBLIC "-//W3C//DTD XHTML 1.0 Transitional//EN"
    "http://www.w3.org/TR/xhtml1/DTD/xhtml1-transitional.dtd">
<html xmlns="http://www.w3.org/1999/xhtml" xml:lang="en" lang="en">
 <head>
  <title>
</title>
<meta http-equiv="Content-Type" content="text/html;charset=utf-8" />
  <meta name='ocr-system' content='tesseract 3.04.00' />
  <meta name='ocr-capabilities' content='ocr_page ocr_carea ocr_par ocr_line ocrx_word'/>
</head>
<body>
  <div class='ocr_page' id='page_1' title='image "./generaplantarums00juss_0045.png"; bbox 0 0 1845 2968; ppageno 0'>
   <div class='ocr_carea' id='block_1_1' title="bbox 57 161 1539 2372">
    <p class='ocr_par' dir='ltr' id='par_1_1' title="bbox 57 161 1511 767">
     <span class='ocr_line' id='line_1_1' title="bbox 1405 161 1501 223; baseline 0 -17"><span class='ocrx_word' id='word_1_1' title='bbox 1405 161 1501 223; x_wconf 79' lang='lat' dir='ltr'>&#39;xvij</span> 
     </span>
     <span class='ocr_line' id='line_1_2' title="bbox 67 238 1505 302; baseline 0.005 -17"><span class='ocrx_word' id='word_1_2' title='bbox 67 238 200 296; x_wconf 81' lang='lat' dir='ltr'>offea,</span> <span class='ocrx_word' id='word_1_3' title='bbox 226 247 334 286; x_wconf 74' lang='lat' dir='ltr'>bacca</span> <span class='ocrx_word' id='word_1_4' title='bbox 360 246 517 288; x_wconf 88' lang='lat' dir='ltr'>succosa</span> <span class='ocrx_word' id='word_1_5' title='bbox 537 257 605 288; x_wconf 91' lang='lat' dir='ltr'>aut</span> <span class='ocrx_word' id='word_1_6' title='bbox 632 247 798 302; x_wconf 72' lang='lat' dir='ltr'>&#39;pulposa</span> <span class='ocrx_word' id='word_1_7' title='bbox 817 257 884 288; x_wconf 92' lang='lat' dir='ltr'>aut</span> <span class='ocrx_word' id='word_1_8' title='bbox 900 246 1060 288; x_wconf 87' lang='lat' dir='ltr'>carnosa</span> <span class='ocrx_word' id='word_1_9' title='bbox 1088 246 1300 289; x_wconf 84' lang='lat' dir='ltr'>seminibus</span> <span class='ocrx_word' id='word_1_10' title='bbox 1322 249 1505 292; x_wconf 74' lang='lat' dir='ltr'>distinffis</span> 
     </span>
     <span class='ocr_line' id='line_1_3' title="bbox 64 308 1505 369; baseline 0.005 -18"><span class='ocrx_word' id='word_1_11' title='bbox 64 308 185 361; x_wconf 83' lang='lat' dir='ltr'>foeta,</span> <span class='ocrx_word' id='word_1_12' title='bbox 204 327 349 366; x_wconf 86' lang='lat' dir='ltr'>pomum</span> <span class='ocrx_word' id='word_1_13' title='bbox 377 313 585 354; x_wconf 86' lang='lat' dir='ltr'>carnosum</span> <span class='ocrx_word' id='word_1_14' title='bbox 618 315 784 355; x_wconf 88' lang='lat' dir='ltr'>solidum</span> <span class='ocrx_word' id='word_1_15' title='bbox 810 313 1003 366; x_wconf 82' lang='lat' dir='ltr'>capsulam</span> <span class='ocrx_word' id='word_1_16' title='bbox 1023 312 1191 364; x_wconf 89' lang='lat' dir='ltr'>fovens,</span> <span class='ocrx_word' id='word_1_17' title='bbox 1211 317 1322 369; x_wconf 80' lang='lat' dir='ltr'>drupa</span> <span class='ocrx_word' id='word_1_18' title='bbox 1343 318 1505 359; x_wconf 83' lang='lat' dir='ltr'>carnosa</span> 
     </span>
     <span class='ocr_line' id='line_1_4' title="bbox 66 380 1507 436; baseline 0.004 -19"><span class='ocrx_word' id='word_1_19' title='bbox 66 380 160 419; x_wconf 87' lang='lat' dir='ltr'>nuci</span> <span class='ocrx_word' id='word_1_20' title='bbox 183 380 481 434; x_wconf 82' lang='lat' dir='ltr'>circumposita,</span> <span class='ocrx_word' id='word_1_21' title='bbox 502 384 665 435; x_wconf 83' lang='lat' dir='ltr'>strobilus</span> <span class='ocrx_word' id='word_1_22' title='bbox 698 382 763 423; x_wconf 88' lang='lat' dir='ltr'>seu</span> <span class='ocrx_word' id='word_1_23' title='bbox 786 396 895 421; x_wconf 84' lang='lat' dir='ltr'>conus</span> <span class='ocrx_word' id='word_1_24' title='bbox 926 391 1160 422; x_wconf 83' lang='lat' dir='ltr'>amentaceae</span> <span class='ocrx_word' id='word_1_25' title='bbox 1184 382 1327 423; x_wconf 84' lang='lat' dir='ltr'>florum</span> <span class='ocrx_word' id='word_1_26' title='bbox 1348 383 1507 436; x_wconf 78' lang='lat' dir='ltr'>disposi-</span> 
     </span>
     <span class='ocr_line' id='line_1_5' title="bbox 66 445 1509 501; baseline 0.006 -17"><span class='ocrx_word' id='word_1_27' title='bbox 66 445 172 485; x_wconf 86' lang='lat' dir='ltr'>tioni</span> <span class='ocrx_word' id='word_1_28' title='bbox 202 445 411 487; x_wconf 86' lang='lat' dir='ltr'>succedens</span> <span class='ocrx_word' id='word_1_29' title='bbox 432 479 444 498; x_wconf 88' lang='lat'><strong>,</strong></span> <span class='ocrx_word' id='word_1_30' title='bbox 483 448 662 501; x_wconf 79' lang='lat' dir='ltr'><strong>plurimis</strong></span> <span class='ocrx_word' id='word_1_31' title='bbox 699 448 912 488; x_wconf 79' lang='lat' dir='ltr'>seminibus</span> <span class='ocrx_word' id='word_1_32' title='bbox 949 448 1163 488; x_wconf 90' lang='lat' dir='ltr'>nucibusve</span> <span class='ocrx_word' id='word_1_33' title='bbox 1196 449 1236 487; x_wconf 74' lang='grc' dir='ltr'>δι</span> <span class='ocrx_word' id='word_1_34' title='bbox 1271 449 1509 492; x_wconf 85' lang='lat' dir='ltr'>intermixtis</span> 
     </span>
     <span class='ocr_line' id='line_1_6' title="bbox 69 504 1509 567; baseline 0.004 -16"><span class='ocrx_word' id='word_1_35' title='bbox 69 510 242 565; x_wconf 88' lang='lat' dir='ltr'>squamis</span> <span class='ocrx_word' id='word_1_36' title='bbox 258 514 297 553; x_wconf 90' lang='lat' dir='ltr'>in</span> <span class='ocrx_word' id='word_1_37' title='bbox 311 504 524 567; x_wconf 86' lang='lat' dir='ltr'>capitulum</span> <span class='ocrx_word' id='word_1_38' title='bbox 544 515 611 555; x_wconf 88' lang='lat' dir='ltr'>seu</span> <span class='ocrx_word' id='word_1_39' title='bbox 624 527 770 555; x_wconf 91' lang='lat' dir='ltr'>conum</span> <span class='ocrx_word' id='word_1_40' title='bbox 790 515 909 554; x_wconf 81' lang='lat' dir='ltr'>dense</span> <span class='ocrx_word' id='word_1_41' title='bbox 925 514 1114 554; x_wconf 87' lang='lat' dir='ltr'>confertis</span> <span class='ocrx_word' id='word_1_42' title='bbox 1125 515 1315 556; x_wconf 86' lang='lat' dir='ltr'>constans.</span> <span class='ocrx_word' id='word_1_43' title='bbox 1332 516 1387 556; x_wconf 89' lang='lat'>8⁰.</span> <span class='ocrx_word' id='word_1_44' title='bbox 1402 516 1509 558; x_wconf 81' lang='lat' dir='ltr'>Prae-</span> 
     </span>
     <span class='ocr_line' id='line_1_7' title="bbox 57 571 1509 635; baseline 0.003 -17"><span class='ocrx_word' id='word_1_45' title='bbox 57 579 179 629; x_wconf 45' lang='lat' dir='ltr'>,terea</span> <span class='ocrx_word' id='word_1_46' title='bbox 194 579 330 620; x_wconf 84' lang='lat' dir='ltr'>florale</span> <span class='ocrx_word' id='word_1_47' title='bbox 346 580 618 630; x_wconf 88' lang='lat' dir='ltr'>involucrum,</span> <span class='ocrx_word' id='word_1_48' title='bbox 638 571 899 634; x_wconf 83' lang='lat' dir='ltr'>pedunculus,</span> <span class='ocrx_word' id='word_1_49' title='bbox 913 581 1014 619; x_wconf 83' lang='lat' dir='ltr'>calix</span> <span class='ocrx_word' id='word_1_50' title='bbox 1026 611 1037 629; x_wconf 89' lang='lat'>‚</span> <span class='ocrx_word' id='word_1_51' title='bbox 1054 580 1182 633; x_wconf 88' lang='lat' dir='ltr'>pistilli</span> <span class='ocrx_word' id='word_1_52' title='bbox 1197 584 1509 635; x_wconf 87' lang='lat' dir='ltr'><strong>receptaculum,</strong></span> 
     </span>
     <span class='ocr_line' id='line_1_8' title="bbox 71 637 1511 701; baseline 0.003 -17"><span class='ocrx_word' id='word_1_53' title='bbox 71 637 198 686; x_wconf 32' lang='lat' dir='ltr'>succo*</span> <span class='ocrx_word' id='word_1_54' title='bbox 217 647 413 687; x_wconf 72' lang='lat' dir='ltr'>interdum</span> <span class='ocrx_word' id='word_1_55' title='bbox 435 660 592 701; x_wconf 84' lang='lat' dir='ltr'>turgent</span> <span class='ocrx_word' id='word_1_56' title='bbox 619 646 868 700; x_wconf 70' lang='lat' dir='ltr'>fruEtumque</span> <span class='ocrx_word' id='word_1_57' title='bbox 893 649 1132 687; x_wconf 88' lang='lat' dir='ltr'>mentiuntur</span> <span class='ocrx_word' id='word_1_58' title='bbox 1153 647 1204 688; x_wconf 86' lang='lat' dir='ltr'>fic</span> <span class='ocrx_word' id='word_1_59' title='bbox 1225 642 1344 701; x_wconf 75' lang='lat' dir='ltr'>vulgo</span> <span class='ocrx_word' id='word_1_60' title='bbox 1365 649 1511 689; x_wconf 66' lang='lat' dir='ltr'>dizstum</span> 
     </span>
     <span class='ocr_line' id='line_1_9' title="bbox 74 713 1372 767; baseline 0.002 -15"><span class='ocrx_word' id='word_1_61' title='bbox 74 726 122 753; x_wconf 86' lang='lat' dir='ltr'>ac</span> <span class='ocrx_word' id='word_1_62' title='bbox 144 714 246 754; x_wconf 78' lang='lat' dir='ltr'>vere</span> <span class='ocrx_word' id='word_1_63' title='bbox 277 715 432 755; x_wconf 88' lang='lat' dir='ltr'>edulem</span> <span class='ocrx_word' id='word_1_64' title='bbox 458 716 498 754; x_wconf 88' lang='lat' dir='ltr'>in</span> <span class='ocrx_word' id='word_1_65' title='bbox 522 715 646 764; x_wconf 85' lang='lat' dir='ltr'>Ficu,</span> <span class='ocrx_word' id='word_1_66' title='bbox 674 713 890 762; x_wconf 82' lang='lat' dir='ltr'>Cassuvio‚</span> <span class='ocrx_word' id='word_1_67' title='bbox 912 713 1038 754; x_wconf 92' lang='lat' dir='ltr'>Moro</span> <span class='ocrx_word' id='word_1_68' title='bbox 1053 745 1065 764; x_wconf 90' lang='lat'>‚</span> <span class='ocrx_word' id='word_1_69' title='bbox 1089 715 1273 767; x_wconf 65' lang='lat' dir='ltr'>Fragaria</span> <span class='ocrx_word' id='word_1_70' title='bbox 1296 716 1372 755; x_wconf 89' lang='lat' dir='ltr'>&amp;c.</span> 
     </span>
    </p>

    <p class='ocr_par' dir='ltr' id='par_1_2' title="bbox 75 779 1533 1571">
     <span class='ocr_line' id='line_1_10' title="bbox 125 779 1516 834; baseline 0.004 -16"><span class='ocrx_word' id='word_1_71' title='bbox 125 779 266 820; x_wconf 88' lang='lat' dir='ltr'>Semen</span> <span class='ocrx_word' id='word_1_72' title='bbox 290 811 303 829; x_wconf 89' lang='lat'>,</span> <span class='ocrx_word' id='word_1_73' title='bbox 331 794 456 820; x_wconf 90' lang='lat' dir='ltr'>ovum</span> <span class='ocrx_word' id='word_1_74' title='bbox 491 780 711 832; x_wconf 84' lang='lat' dir='ltr'>vegetabile</span> <span class='ocrx_word' id='word_1_75' title='bbox 728 810 740 828; x_wconf 90' lang='lat'>‚</span> <span class='ocrx_word' id='word_1_76' title='bbox 765 780 907 820; x_wconf 86' lang='lat' dir='ltr'>futurae</span> <span class='ocrx_word' id='word_1_77' title='bbox 930 780 1070 832; x_wconf 88' lang='lat' dir='ltr'>plantae</span> <span class='ocrx_word' id='word_1_78' title='bbox 1089 782 1390 834; x_wconf 83' lang='lat' dir='ltr'>compendium,</span> <span class='ocrx_word' id='word_1_79' title='bbox 1413 795 1516 824; x_wconf 86' lang='lat' dir='ltr'>nunc</span> 
     </span>
     <span class='ocr_line' id='line_1_11' title="bbox 76 846 1533 901; baseline 0.004 -16"><span class='ocrx_word' id='word_1_80' title='bbox 76 847 225 887; x_wconf 90' lang='lat' dir='ltr'>nudum</span> <span class='ocrx_word' id='word_1_81' title='bbox 244 849 283 887; x_wconf 85' lang='lat'>&amp;</span> <span class='ocrx_word' id='word_1_82' title='bbox 305 848 435 900; x_wconf 84' lang='lat' dir='ltr'>pistilli</span> <span class='ocrx_word' id='word_1_83' title='bbox 460 847 710 899; x_wconf 87' lang='lat' dir='ltr'>receptaculo</span> <span class='ocrx_word' id='word_1_84' title='bbox 739 846 963 898; x_wconf 75' lang='lat' dir='ltr'>impositum</span> <span class='ocrx_word' id='word_1_85' title='bbox 986 876 998 894; x_wconf 91' lang='lat'>,</span> <span class='ocrx_word' id='word_1_86' title='bbox 1024 858 1126 886; x_wconf 87' lang='lat' dir='ltr'>nunc</span> <span class='ocrx_word' id='word_1_87' title='bbox 1159 847 1298 901; x_wconf 75' lang='lat' dir='ltr'>saepius</span> <span class='ocrx_word' id='word_1_88' title='bbox 1325 849 1533 891; x_wconf 73' lang='lat' dir='ltr'>inclusum&#39;</span> 
     </span>
     <span class='ocr_line' id='line_1_12' title="bbox 75 912 1520 966; baseline 0.003 -13"><span class='ocrx_word' id='word_1_89' title='bbox 75 914 299 966; x_wconf 83' lang='lat' dir='ltr'>pericarpio</span> <span class='ocrx_word' id='word_1_90' title='bbox 326 914 368 952; x_wconf 78' lang='grc' dir='ltr'>δι</span> <span class='ocrx_word' id='word_1_91' title='bbox 394 913 644 966; x_wconf 88' lang='lat' dir='ltr'>receptaculo</span> <span class='ocrx_word' id='word_1_92' title='bbox 671 912 788 965; x_wconf 82' lang='lat' dir='ltr'>hujus</span> <span class='ocrx_word' id='word_1_93' title='bbox 814 913 995 951; x_wconf 81' lang='lat' dir='ltr'>interiori</span> <span class='ocrx_word' id='word_1_94' title='bbox 1019 913 1206 963; x_wconf 85' lang='lat' dir='ltr'>affixum,</span> <span class='ocrx_word' id='word_1_95' title='bbox 1233 915 1348 957; x_wconf 85' lang='lat' dir='ltr'>seffile</span> <span class='ocrx_word' id='word_1_96' title='bbox 1373 928 1440 956; x_wconf 90' lang='lat' dir='ltr'>aut</span> <span class='ocrx_word' id='word_1_97' title='bbox 1458 917 1520 958; x_wconf 62' lang='lat' dir='ltr'>fii-</span> 
     </span>
     <span class='ocr_line' id='line_1_13' title="bbox 76 978 1521 1035; baseline 0.003 -17"><span class='ocrx_word' id='word_1_98' title='bbox 76 979 211 1019; x_wconf 88' lang='lat' dir='ltr'>niculo</span> <span class='ocrx_word' id='word_1_99' title='bbox 240 979 514 1019; x_wconf 88' lang='lat' dir='ltr'>umbilicatum</span> <span class='ocrx_word' id='word_1_100' title='bbox 543 990 611 1019; x_wconf 88' lang='lat' dir='ltr'>aut</span> <span class='ocrx_word' id='word_1_101' title='bbox 639 989 759 1031; x_wconf 87' lang='lat' dir='ltr'>rupto</span> <span class='ocrx_word' id='word_1_102' title='bbox 790 981 893 1019; x_wconf 65' lang='lat' dir='ltr'>neitu</span> <span class='ocrx_word' id='word_1_103' title='bbox 921 978 1100 1019; x_wconf 87' lang='lat' dir='ltr'>nidulans</span> <span class='ocrx_word' id='word_1_104' title='bbox 1123 980 1162 1020; x_wconf 88' lang='lat' dir='ltr'>in</span> <span class='ocrx_word' id='word_1_105' title='bbox 1186 982 1324 1035; x_wconf 69' lang='lat' dir='ltr'>pulpa,</span> <span class='ocrx_word' id='word_1_106' title='bbox 1354 984 1521 1024; x_wconf 89' lang='lat' dir='ltr'>corculo</span> 
     </span>
     <span class='ocr_line' id='line_1_14' title="bbox 75 1044 1519 1100; baseline 0.003 -13"><span class='ocrx_word' id='word_1_107' title='bbox 75 1044 120 1087; x_wconf 86' lang='lat'>&amp;</span> <span class='ocrx_word' id='word_1_108' title='bbox 146 1045 368 1088; x_wconf 87' lang='lat' dir='ltr'>involucris</span> <span class='ocrx_word' id='word_1_109' title='bbox 404 1046 578 1099; x_wconf 89' lang='lat' dir='ltr'>propriis</span> <span class='ocrx_word' id='word_1_110' title='bbox 610 1046 789 1087; x_wconf 84' lang='lat' dir='ltr'>constans</span> <span class='ocrx_word' id='word_1_111' title='bbox 807 1078 819 1095; x_wconf 90' lang='lat'>‚</span> <span class='ocrx_word' id='word_1_112' title='bbox 846 1045 1037 1100; x_wconf 77' lang='lat' dir='ltr'>discrepat</span> <span class='ocrx_word' id='word_1_113' title='bbox 1066 1048 1180 1087; x_wconf 77' lang='lat' dir='ltr'>extils</span> <span class='ocrx_word' id='word_1_114' title='bbox 1207 1056 1258 1088; x_wconf 88' lang='lat'>1⁰.</span> <span class='ocrx_word' id='word_1_115' title='bbox 1285 1049 1358 1089; x_wconf 79' lang='lat' dir='ltr'>situ</span> <span class='ocrx_word' id='word_1_116' title='bbox 1387 1051 1519 1091; x_wconf 57' lang='lat' dir='ltr'>eresto</span> 
     </span>
     <span class='ocr_line' id='line_1_15' title="bbox 79 1112 1526 1169; baseline 0.003 -17"><span class='ocrx_word' id='word_1_117' title='bbox 79 1122 150 1152; x_wconf 73' lang='lat' dir='ltr'>aut</span> <span class='ocrx_word' id='word_1_118' title='bbox 175 1113 321 1153; x_wconf 87' lang='lat' dir='ltr'>declivi</span> <span class='ocrx_word' id='word_1_119' title='bbox 345 1125 411 1153; x_wconf 87' lang='lat' dir='ltr'>aut</span> <span class='ocrx_word' id='word_1_120' title='bbox 436 1113 630 1163; x_wconf 82' lang='lat' dir='ltr'>inverso3</span> <span class='ocrx_word' id='word_1_121' title='bbox 669 1122 726 1154; x_wconf 87' lang='lat'>2⁰.</span> <span class='ocrx_word' id='word_1_122' title='bbox 754 1112 884 1154; x_wconf 71' lang='lat' dir='ltr'>forma</span> <span class='ocrx_word' id='word_1_123' title='bbox 906 1114 948 1153; x_wconf 87' lang='lat'>&amp;</span> <span class='ocrx_word' id='word_1_124' title='bbox 969 1114 1235 1166; x_wconf 85' lang='lat' dir='ltr'>magnitudine</span> <span class='ocrx_word' id='word_1_125' title='bbox 1258 1116 1299 1154; x_wconf 76' lang='grc' dir='ltr'>δι</span> <span class='ocrx_word' id='word_1_126' title='bbox 1319 1117 1526 1169; x_wconf 85' lang='lat' dir='ltr'>superficie</span> 
     </span>
     <span class='ocr_line' id='line_1_16' title="bbox 76 1179 1526 1233; baseline 0.003 -15"><span class='ocrx_word' id='word_1_127' title='bbox 76 1179 293 1233; x_wconf 73' lang='lat' dir='ltr'>plurimum</span> <span class='ocrx_word' id='word_1_128' title='bbox 325 1181 479 1229; x_wconf 84' lang='lat' dir='ltr'>variis;</span> <span class='ocrx_word' id='word_1_129' title='bbox 521 1195 574 1233; x_wconf 81' lang='lat'>30.</span> <span class='ocrx_word' id='word_1_130' title='bbox 610 1181 712 1233; x_wconf 89' lang='lat' dir='ltr'>hylo</span> <span class='ocrx_word' id='word_1_131' title='bbox 750 1180 946 1221; x_wconf 88' lang='lat' dir='ltr'>terminali</span> <span class='ocrx_word' id='word_1_132' title='bbox 979 1191 1047 1220; x_wconf 87' lang='lat' dir='ltr'>aut</span> <span class='ocrx_word' id='word_1_133' title='bbox 1081 1181 1218 1221; x_wconf 90' lang='lat' dir='ltr'>infimo</span> <span class='ocrx_word' id='word_1_134' title='bbox 1250 1193 1318 1223; x_wconf 85' lang='lat' dir='ltr'>aut</span> <span class='ocrx_word' id='word_1_135' title='bbox 1350 1183 1526 1232; x_wconf 64' lang='lat' dir='ltr'>lateralix,</span> 
     </span>
     <span class='ocr_line' id='line_1_17' title="bbox 77 1247 1527 1300; baseline 0.003 -13"><span class='ocrx_word' id='word_1_136' title='bbox 77 1248 223 1288; x_wconf 88' lang='lat' dir='ltr'>latiore</span> <span class='ocrx_word' id='word_1_137' title='bbox 249 1257 318 1288; x_wconf 91' lang='lat' dir='ltr'>aut</span> <span class='ocrx_word' id='word_1_138' title='bbox 340 1247 592 1300; x_wconf 80' lang='lat' dir='ltr'>angustiore3</span> <span class='ocrx_word' id='word_1_139' title='bbox 617 1254 678 1296; x_wconf 87' lang='lat'>40.</span> <span class='ocrx_word' id='word_1_140' title='bbox 702 1248 816 1288; x_wconf 87' lang='lat' dir='ltr'>arillo</span> <span class='ocrx_word' id='word_1_141' title='bbox 842 1248 907 1288; x_wconf 88' lang='lat' dir='ltr'>seu</span> <span class='ocrx_word' id='word_1_142' title='bbox 939 1247 1119 1288; x_wconf 87' lang='lat' dir='ltr'>folliculo</span> <span class='ocrx_word' id='word_1_143' title='bbox 1145 1250 1295 1289; x_wconf 86' lang='lat' dir='ltr'>extimo</span> <span class='ocrx_word' id='word_1_144' title='bbox 1323 1249 1435 1291; x_wconf 77' lang='lat' dir='ltr'>facile</span> <span class='ocrx_word' id='word_1_145' title='bbox 1467 1251 1527 1291; x_wconf 72' lang='lat' dir='ltr'>so&#39;-</span> 
     </span>
     <span class='ocr_line' id='line_1_18' title="bbox 78 1305 1527 1367; baseline 0 -11"><span class='ocrx_word' id='word_1_146' title='bbox 78 1305 224 1365; x_wconf 81' lang='lat' dir='ltr'>lubili,</span> <span class='ocrx_word' id='word_1_147' title='bbox 248 1315 435 1357; x_wconf 88' lang='lat' dir='ltr'>existente</span> <span class='ocrx_word' id='word_1_148' title='bbox 459 1326 528 1355; x_wconf 91' lang='lat' dir='ltr'>aut</span> <span class='ocrx_word' id='word_1_149' title='bbox 555 1315 667 1355; x_wconf 89' lang='lat' dir='ltr'>nullo</span> <span class='ocrx_word' id='word_1_150' title='bbox 687 1345 701 1361; x_wconf 89' lang='lat'><em>,</em></span> <span class='ocrx_word' id='word_1_151' title='bbox 733 1314 1017 1367; x_wconf 89' lang='lat' dir='ltr'>monospermo</span> <span class='ocrx_word' id='word_1_152' title='bbox 1045 1325 1112 1354; x_wconf 89' lang='lat' dir='ltr'>aut</span> <span class='ocrx_word' id='word_1_153' title='bbox 1145 1316 1270 1355; x_wconf 72' lang='lat' dir='ltr'>rarius</span> <span class='ocrx_word' id='word_1_154' title='bbox 1299 1316 1338 1355; x_wconf 91' lang='lat' dir='ltr'>di</span> <span class='ocrx_word' id='word_1_155' title='bbox 1366 1318 1430 1356; x_wconf 88' lang='lat' dir='ltr'>vel</span> <span class='ocrx_word' id='word_1_156' title='bbox 1447 1318 1527 1357; x_wconf 58' lang='lat' dir='ltr'>&gt;tri-</span> 
     </span>
     <span class='ocr_line' id='line_1_19' title="bbox 77 1381 1526 1436; baseline 0 -13"><span class='ocrx_word' id='word_1_157' title='bbox 77 1383 233 1436; x_wconf 87' lang='lat' dir='ltr'>spermo</span> <span class='ocrx_word' id='word_1_158' title='bbox 259 1397 272 1431; x_wconf 88' lang='lat'>;</span> <span class='ocrx_word' id='word_1_159' title='bbox 303 1395 356 1435; x_wconf 82' lang='lat'>50.</span> <span class='ocrx_word' id='word_1_160' title='bbox 389 1383 531 1423; x_wconf 84' lang='lat' dir='ltr'>tunicis</span> <span class='ocrx_word' id='word_1_161' title='bbox 559 1382 734 1436; x_wconf 87' lang='lat' dir='ltr'>propriis</span> <span class='ocrx_word' id='word_1_162' title='bbox 764 1381 909 1435; x_wconf 72' lang='lat' dir='ltr'>saepius</span> <span class='ocrx_word' id='word_1_163' title='bbox 937 1381 1102 1434; x_wconf 87' lang='lat' dir='ltr'>geminis</span> <span class='ocrx_word' id='word_1_164' title='bbox 1120 1409 1134 1426; x_wconf 94' lang='lat'>,</span> <span class='ocrx_word' id='word_1_165' title='bbox 1163 1389 1331 1434; x_wconf 82' lang='lat' dir='ltr'>quarum</span> <span class='ocrx_word' id='word_1_166' title='bbox 1358 1383 1526 1423; x_wconf 88' lang='lat' dir='ltr'>interior</span> 
     </span>
     <span class='ocr_line' id='line_1_20' title="bbox 78 1449 1528 1502; baseline 0 -12"><span class='ocrx_word' id='word_1_167' title='bbox 78 1451 212 1491; x_wconf 81' lang='lat' dir='ltr'>tenuis</span> <span class='ocrx_word' id='word_1_168' title='bbox 235 1480 247 1500; x_wconf 93' lang='lat'>,</span> <span class='ocrx_word' id='word_1_169' title='bbox 274 1451 450 1491; x_wconf 86' lang='lat' dir='ltr'>exterior</span> <span class='ocrx_word' id='word_1_170' title='bbox 483 1452 782 1492; x_wconf 90' lang='lat' dir='ltr'>membranacea</span> <span class='ocrx_word' id='word_1_171' title='bbox 818 1460 883 1490; x_wconf 87' lang='lat' dir='ltr'>aut</span> <span class='ocrx_word' id='word_1_172' title='bbox 915 1450 1096 1490; x_wconf 88' lang='lat' dir='ltr'>coriacea</span> <span class='ocrx_word' id='word_1_173' title='bbox 1125 1449 1430 1502; x_wconf 85' lang='lat' dir='ltr'>cartilagineave</span> <span class='ocrx_word' id='word_1_174' title='bbox 1459 1461 1528 1491; x_wconf 83' lang='lat' dir='ltr'>aut</span> 
     </span>
     <span class='ocr_line' id='line_1_21' title="bbox 79 1517 722 1571; baseline -0.002 -12"><span class='ocrx_word' id='word_1_175' title='bbox 79 1517 250 1567; x_wconf 84' lang='lat' dir='ltr'>callosa,</span> <span class='ocrx_word' id='word_1_176' title='bbox 276 1517 378 1558; x_wconf 81' lang='lat' dir='ltr'>alata</span> <span class='ocrx_word' id='word_1_177' title='bbox 401 1529 470 1558; x_wconf 88' lang='lat' dir='ltr'>aut</span> <span class='ocrx_word' id='word_1_178' title='bbox 496 1519 722 1571; x_wconf 82' lang='lat' dir='ltr'>marginata.</span> 
     </span>
    </p>

    <p class='ocr_par' dir='ltr' id='par_1_3' title="bbox 81 1577 1539 2372">
     <span class='ocr_line' id='line_1_22' title="bbox 135 1577 1531 1639; baseline -0.001 -13"><span class='ocrx_word' id='word_1_179' title='bbox 135 1586 230 1626; x_wconf 88' lang='lat' dir='ltr'>Pars</span> <span class='ocrx_word' id='word_1_180' title='bbox 259 1585 418 1627; x_wconf 88' lang='lat' dir='ltr'>seminis</span> <span class='ocrx_word' id='word_1_181' title='bbox 440 1577 606 1626; x_wconf 75' lang='lat' dir='ltr'>interior</span> <span class='ocrx_word' id='word_1_182' title='bbox 636 1586 834 1639; x_wconf 85' lang='lat' dir='ltr'>praecipua</span> <span class='ocrx_word' id='word_1_183' title='bbox 867 1586 908 1625; x_wconf 88' lang='lat'>&amp;</span> <span class='ocrx_word' id='word_1_184' title='bbox 936 1585 1166 1635; x_wconf 79' lang='lat' dir='ltr'>effentialis,</span> <span class='ocrx_word' id='word_1_185' title='bbox 1191 1598 1290 1626; x_wconf 89' lang='lat' dir='ltr'>vera</span> <span class='ocrx_word' id='word_1_186' title='bbox 1322 1585 1495 1639; x_wconf 88' lang='lat' dir='ltr'>plantula</span> <span class='ocrx_word' id='word_1_187' title='bbox 1512 1594 1531 1631; x_wconf 64' lang='lat'>-‚&#39;</span> 
     </span>
     <span class='ocr_line' id='line_1_23' title="bbox 81 1652 1531 1707; baseline -0.002 -13"><span class='ocrx_word' id='word_1_188' title='bbox 81 1655 255 1694; x_wconf 80' lang='lat' dir='ltr'>corculum</span> <span class='ocrx_word' id='word_1_189' title='bbox 286 1655 386 1694; x_wconf 66' lang='lat' dir='ltr'>dicta</span> <span class='ocrx_word' id='word_1_190' title='bbox 402 1684 413 1703; x_wconf 90' lang='lat'><strong>‚</strong></span> <span class='ocrx_word' id='word_1_191' title='bbox 441 1654 559 1694; x_wconf 76' lang='lat' dir='ltr'>unica</span> <span class='ocrx_word' id='word_1_192' title='bbox 582 1654 736 1707; x_wconf 88' lang='lat' dir='ltr'>semper</span> <span class='ocrx_word' id='word_1_193' title='bbox 758 1655 900 1706; x_wconf 86' lang='lat' dir='ltr'>gaudet</span> <span class='ocrx_word' id='word_1_194' title='bbox 924 1665 1008 1694; x_wconf 89' lang='lat' dir='ltr'>tum</span> <span class='ocrx_word' id='word_1_195' title='bbox 1035 1653 1207 1694; x_wconf 72' lang='lat' dir='ltr'>radicula</span> <span class='ocrx_word' id='word_1_196' title='bbox 1224 1664 1307 1693; x_wconf 88' lang='lat' dir='ltr'>tum</span> <span class='ocrx_word' id='word_1_197' title='bbox 1332 1652 1531 1705; x_wconf 69' lang='lat' dir='ltr'>plumula,</span> 
     </span>
     <span class='ocr_line' id='line_1_24' title="bbox 81 1719 1533 1775; baseline -0.003 -13"><span class='ocrx_word' id='word_1_198' title='bbox 81 1721 148 1762; x_wconf 84' lang='lat' dir='ltr'>sed</span> <span class='ocrx_word' id='word_1_199' title='bbox 174 1721 274 1763; x_wconf 88' lang='lat' dir='ltr'>lobo</span> <span class='ocrx_word' id='word_1_200' title='bbox 301 1721 369 1762; x_wconf 88' lang='lat' dir='ltr'>seu</span> <span class='ocrx_word' id='word_1_201' title='bbox 398 1722 643 1775; x_wconf 89' lang='lat' dir='ltr'>cotyledone</span> <span class='ocrx_word' id='word_1_202' title='bbox 669 1721 871 1762; x_wconf 83' lang='lat' dir='ltr'>instruitur</span> <span class='ocrx_word' id='word_1_203' title='bbox 904 1721 1004 1774; x_wconf 73' lang='lat' dir='ltr'>saepe</span> <span class='ocrx_word' id='word_1_204' title='bbox 1032 1721 1192 1773; x_wconf 89' lang='lat' dir='ltr'>gemino</span> <span class='ocrx_word' id='word_1_205' title='bbox 1226 1719 1411 1773; x_wconf 77' lang='lat' dir='ltr'>opposito</span> <span class='ocrx_word' id='word_1_206' title='bbox 1430 1750 1442 1769; x_wconf 91' lang='lat'>‚</span> <span class='ocrx_word' id='word_1_207' title='bbox 1470 1720 1533 1758; x_wconf 55' lang='lat' dir='ltr'>ina</span> 
     </span>
     <span class='ocr_line' id='line_1_25' title="bbox 83 1787 1532 1841; baseline -0.002 -12"><span class='ocrx_word' id='word_1_208' title='bbox 83 1788 239 1830; x_wconf 76' lang='lat' dir='ltr'>terdum</span> <span class='ocrx_word' id='word_1_209' title='bbox 275 1790 396 1829; x_wconf 87' lang='lat' dir='ltr'>unico</span> <span class='ocrx_word' id='word_1_210' title='bbox 427 1789 606 1839; x_wconf 88' lang='lat' dir='ltr'>laterali,</span> <span class='ocrx_word' id='word_1_211' title='bbox 638 1789 767 1829; x_wconf 72' lang='lat' dir='ltr'>rarius</span> <span class='ocrx_word' id='word_1_212' title='bbox 797 1789 907 1829; x_wconf 89' lang='lat' dir='ltr'>nullo</span> <span class='ocrx_word' id='word_1_213' title='bbox 940 1788 1185 1841; x_wconf 87' lang='lat' dir='ltr'>conspicuo:</span> <span class='ocrx_word' id='word_1_214' title='bbox 1218 1788 1309 1828; x_wconf 80' lang='lat' dir='ltr'>inde</span> <span class='ocrx_word' id='word_1_215' title='bbox 1339 1787 1532 1827; x_wconf 76' lang='lat' dir='ltr'>distinfflo</span> 
     </span>
     <span class='ocr_line' id='line_1_26' title="bbox 85 1846 1534 1909; baseline -0.003 -13"><span class='ocrx_word' id='word_1_216' title='bbox 85 1856 280 1896; x_wconf 88' lang='lat' dir='ltr'>seminum</span> <span class='ocrx_word' id='word_1_217' title='bbox 297 1856 562 1909; x_wconf 82' lang='lat' dir='ltr'>acotyledonum</span> <span class='ocrx_word' id='word_1_218' title='bbox 574 1888 585 1905; x_wconf 94' lang='lat'>,</span> <span class='ocrx_word' id='word_1_219' title='bbox 597 1857 948 1909; x_wconf 81' lang='lat' dir='ltr'>monocotyledonum</span> <span class='ocrx_word' id='word_1_220' title='bbox 962 1884 976 1901; x_wconf 92' lang='lat'><em>,</em></span> <span class='ocrx_word' id='word_1_221' title='bbox 1000 1846 1285 1908; x_wconf 77' lang='lat' dir='ltr'>dicotyledonum</span> <span class='ocrx_word' id='word_1_222' title='bbox 1300 1860 1329 1894; x_wconf 82' lang='lat'>‘¹.</span> <span class='ocrx_word' id='word_1_223' title='bbox 1344 1854 1534 1893; x_wconf 77' lang='lat' dir='ltr'>Radicula</span> 
     </span>
     <span class='ocr_line' id='line_1_27' title="bbox 85 1918 1535 1975; baseline -0.002 -14"><span class='ocrx_word' id='word_1_224' title='bbox 85 1922 199 1962; x_wconf 75' lang='lat' dir='ltr'>extra</span> <span class='ocrx_word' id='word_1_225' title='bbox 217 1922 335 1962; x_wconf 92' lang='lat' dir='ltr'>lobos</span> <span class='ocrx_word' id='word_1_226' title='bbox 359 1922 583 1975; x_wconf 90' lang='lat' dir='ltr'>prominula</span> <span class='ocrx_word' id='word_1_227' title='bbox 600 1951 610 1969; x_wconf 93' lang='lat'>,</span> <span class='ocrx_word' id='word_1_228' title='bbox 633 1923 760 1963; x_wconf 61' lang='lat' dir='ltr'>erecta</span> <span class='ocrx_word' id='word_1_229' title='bbox 785 1922 840 1962; x_wconf 85' lang='lat' dir='ltr'>est</span> <span class='ocrx_word' id='word_1_230' title='bbox 865 1933 933 1962; x_wconf 87' lang='lat' dir='ltr'>aut</span> <span class='ocrx_word' id='word_1_231' title='bbox 957 1922 996 1961; x_wconf 88' lang='lat' dir='ltr'>in</span> <span class='ocrx_word' id='word_1_232' title='bbox 1018 1922 1136 1961; x_wconf 86' lang='lat' dir='ltr'>lobos</span> <span class='ocrx_word' id='word_1_233' title='bbox 1162 1921 1303 1961; x_wconf 83' lang='lat' dir='ltr'>inflexa</span> <span class='ocrx_word' id='word_1_234' title='bbox 1318 1950 1329 1968; x_wconf 87' lang='lat'><strong>,</strong></span> <span class='ocrx_word' id='word_1_235' title='bbox 1355 1931 1458 1959; x_wconf 87' lang='lat' dir='ltr'>nunc</span> <span class='ocrx_word' id='word_1_236' title='bbox 1480 1918 1535 1958; x_wconf 61' lang='lat' dir='ltr'>asn</span> 
     </span>
     <span class='ocr_line' id='line_1_28' title="bbox 86 1986 1535 2042; baseline -0.003 -14"><span class='ocrx_word' id='word_1_237' title='bbox 86 1989 256 2030; x_wconf 87' lang='lat' dir='ltr'>cendens</span> <span class='ocrx_word' id='word_1_238' title='bbox 287 1989 434 2035; x_wconf 59' lang='lat' dir='ltr'>frusists</span> <span class='ocrx_word' id='word_1_239' title='bbox 470 1990 622 2042; x_wconf 88' lang='lat' dir='ltr'>apicem</span> <span class='ocrx_word' id='word_1_240' title='bbox 662 1989 834 2042; x_wconf 59' lang='lat' dir='ltr'>spectans</span> <span class='ocrx_word' id='word_1_241' title='bbox 859 2019 870 2037; x_wconf 87' lang='lat'>‚</span> <span class='ocrx_word' id='word_1_242' title='bbox 907 2001 1008 2028; x_wconf 88' lang='lat' dir='ltr'>nunc</span> <span class='ocrx_word' id='word_1_243' title='bbox 1042 1987 1276 2028; x_wconf 86' lang='lat' dir='ltr'>descendens</span> <span class='ocrx_word' id='word_1_244' title='bbox 1311 1986 1535 2039; x_wconf 84' lang='lat' dir='ltr'>pedunculo</span> 
     </span>
     <span class='ocr_line' id='line_1_29' title="bbox 86 2051 1535 2106; baseline -0.004 -10"><span class='ocrx_word' id='word_1_245' title='bbox 86 2055 262 2096; x_wconf 88' lang='lat' dir='ltr'>obversa.</span> <span class='ocrx_word' id='word_1_246' title='bbox 291 2056 392 2096; x_wconf 88' lang='lat' dir='ltr'>Lobi</span> <span class='ocrx_word' id='word_1_247' title='bbox 425 2056 512 2095; x_wconf 86' lang='lat' dir='ltr'>sunt</span> <span class='ocrx_word' id='word_1_248' title='bbox 543 2067 680 2096; x_wconf 85' lang='lat' dir='ltr'>tenues</span> <span class='ocrx_word' id='word_1_249' title='bbox 709 2067 778 2096; x_wconf 90' lang='lat' dir='ltr'>aut</span> <span class='ocrx_word' id='word_1_250' title='bbox 808 2054 1042 2096; x_wconf 85' lang='lat' dir='ltr'>craffiusculi</span> <span class='ocrx_word' id='word_1_251' title='bbox 1060 2084 1071 2102; x_wconf 85' lang='lat'>,</span> <span class='ocrx_word' id='word_1_252' title='bbox 1100 2053 1203 2106; x_wconf 90' lang='lat' dir='ltr'>plani</span> <span class='ocrx_word' id='word_1_253' title='bbox 1224 2062 1291 2092; x_wconf 80' lang='lat' dir='ltr'>aut</span> <span class='ocrx_word' id='word_1_254' title='bbox 1309 2053 1449 2105; x_wconf 82' lang='lat' dir='ltr'>partim</span> <span class='ocrx_word' id='word_1_255' title='bbox 1466 2051 1535 2092; x_wconf 90' lang='lat' dir='ltr'>vel</span> 
     </span>
     <span class='ocr_line' id='line_1_30' title="bbox 90 2119 1536 2173; baseline -0.002 -11"><span class='ocrx_word' id='word_1_256' title='bbox 90 2122 259 2162; x_wconf 81' lang='lat' dir='ltr'>omnino</span> <span class='ocrx_word' id='word_1_257' title='bbox 281 2122 370 2162; x_wconf 83' lang='lat' dir='ltr'>flexi</span> <span class='ocrx_word' id='word_1_258' title='bbox 401 2134 468 2162; x_wconf 84' lang='lat' dir='ltr'>aut</span> <span class='ocrx_word' id='word_1_259' title='bbox 495 2123 709 2162; x_wconf 85' lang='lat' dir='ltr'>convoluti</span> <span class='ocrx_word' id='word_1_260' title='bbox 738 2133 805 2162; x_wconf 89' lang='lat' dir='ltr'>aut</span> <span class='ocrx_word' id='word_1_261' title='bbox 842 2121 1056 2173; x_wconf 84' lang='lat' dir='ltr'>corrugati.</span> <span class='ocrx_word' id='word_1_262' title='bbox 1091 2119 1309 2160; x_wconf 88' lang='lat' dir='ltr'>Corculum</span> <span class='ocrx_word' id='word_1_263' title='bbox 1339 2120 1536 2171; x_wconf 85' lang='lat' dir='ltr'>integrum</span> 
     </span>
     <span class='ocr_line' id='line_1_31' title="bbox 89 2185 1536 2241; baseline -0.002 -14"><span class='ocrx_word' id='word_1_264' title='bbox 89 2188 194 2227; x_wconf 76' lang='lat' dir='ltr'>intra</span> <span class='ocrx_word' id='word_1_265' title='bbox 229 2189 381 2228; x_wconf 85' lang='lat' dir='ltr'>tunicas</span> <span class='ocrx_word' id='word_1_266' title='bbox 422 2189 640 2229; x_wconf 89' lang='lat' dir='ltr'>solitarium</span> <span class='ocrx_word' id='word_1_267' title='bbox 687 2187 906 2241; x_wconf 76' lang='lat' dir='ltr'>(rariffime</span> <span class='ocrx_word' id='word_1_268' title='bbox 952 2187 1098 2241; x_wconf 82' lang='lat' dir='ltr'>triplex</span> <span class='ocrx_word' id='word_1_269' title='bbox 1138 2196 1180 2225; x_wconf 88' lang='lat' dir='ltr'>ut</span> <span class='ocrx_word' id='word_1_270' title='bbox 1220 2185 1260 2224; x_wconf 88' lang='lat' dir='ltr'>in</span> <span class='ocrx_word' id='word_1_271' title='bbox 1296 2186 1536 2239; x_wconf 85' lang='lat' dir='ltr'>Aurantio)</span> 
     </span>
     <span class='ocr_line' id='line_1_32' title="bbox 91 2252 1536 2309; baseline -0.003 -13"><span class='ocrx_word' id='word_1_272' title='bbox 91 2266 226 2301; x_wconf 78' lang='lat' dir='ltr'>extat3</span> <span class='ocrx_word' id='word_1_273' title='bbox 251 2255 317 2295; x_wconf 90' lang='lat' dir='ltr'>vel</span> <span class='ocrx_word' id='word_1_274' title='bbox 344 2255 504 2309; x_wconf 88' lang='lat' dir='ltr'>stipatur</span> <span class='ocrx_word' id='word_1_275' title='bbox 533 2256 769 2309; x_wconf 84' lang='lat' dir='ltr'>perispermo‚</span> <span class='ocrx_word' id='word_1_276' title='bbox 802 2268 975 2308; x_wconf 87' lang='lat' dir='ltr'>corpore</span> <span class='ocrx_word' id='word_1_277' title='bbox 1010 2253 1271 2305; x_wconf 86' lang='lat' dir='ltr'>heterogenio</span> <span class='ocrx_word' id='word_1_278' title='bbox 1305 2252 1536 2301; x_wconf 77' lang='lat' dir='ltr'>incrassato,</span> 
     </span>
     <span class='ocr_line' id='line_1_33' title="bbox 90 2317 1539 2372; baseline -0.003 -10"><span class='ocrx_word' id='word_1_279' title='bbox 90 2321 290 2362; x_wconf 83' lang='lat' dir='ltr'>farinaceo</span> <span class='ocrx_word' id='word_1_280' title='bbox 334 2332 402 2361; x_wconf 89' lang='lat' dir='ltr'>aut</span> <span class='ocrx_word' id='word_1_281' title='bbox 442 2323 609 2362; x_wconf 86' lang='lat' dir='ltr'>carnoso</span> <span class='ocrx_word' id='word_1_282' title='bbox 656 2333 723 2362; x_wconf 87' lang='lat' dir='ltr'>aut</span> <span class='ocrx_word' id='word_1_283' title='bbox 758 2334 909 2362; x_wconf 89' lang='lat' dir='ltr'>corneo</span> <span class='ocrx_word' id='word_1_284' title='bbox 956 2331 1023 2361; x_wconf 90' lang='lat' dir='ltr'>aut</span> <span class='ocrx_word' id='word_1_285' title='bbox 1063 2318 1246 2372; x_wconf 85' lang='lat' dir='ltr'>lignoso‚</span> <span class='ocrx_word' id='word_1_286' title='bbox 1281 2331 1384 2358; x_wconf 89' lang='lat' dir='ltr'>nunc</span> <span class='ocrx_word' id='word_1_287' title='bbox 1414 2317 1539 2371; x_wconf 88' lang='lat' dir='ltr'>ipsum</span> 
     </span>
    </p>
   </div>
   <div class='ocr_carea' id='block_1_2' title="bbox 93 2427 1533 2444">
    <p class='ocr_par' dir='ltr' id='par_1_4' title="bbox 93 2427 1533 2444">
     <span class='ocr_line' id='line_1_34' title="bbox 93 2427 1533 2444; baseline 0 524"><span class='ocrx_word' id='word_1_288' title='bbox 93 2427 1533 2444; x_wconf 95' lang='lat' dir='ltr'> </span> 
     </span>
    </p>
   </div>
   <div class='ocr_carea' id='block_1_3' title="bbox 97 2494 1552 2789">
    <p class='ocr_par' dir='ltr' id='par_1_5' title="bbox 97 2494 1552 2789">
     <span class='ocr_line' id='line_1_35' title="bbox 154 2494 1517 2561; baseline -0.003 -17"><span class='ocrx_word' id='word_1_289' title='bbox 154 2531 173 2550; x_wconf 72' lang='lat' dir='ltr'>a</span> <span class='ocrx_word' id='word_1_290' title='bbox 207 2509 349 2544; x_wconf 88' lang='lat' dir='ltr'>Dantur</span> <span class='ocrx_word' id='word_1_291' title='bbox 385 2505 529 2553; x_wconf 83' lang='lat' dir='ltr'>insuper</span> <span class='ocrx_word' id='word_1_292' title='bbox 565 2500 779 2554; x_wconf 82' lang='lat' dir='ltr'>pauciffimae</span> <span class='ocrx_word' id='word_1_293' title='bbox 821 2508 951 2554; x_wconf 83' lang='lat' dir='ltr'>plantae</span> <span class='ocrx_word' id='word_1_294' title='bbox 988 2504 1314 2555; x_wconf 82' lang='lat' dir='ltr'>Polycotyledones</span> <span class='ocrx_word' id='word_1_295' title='bbox 1352 2494 1517 2561; x_wconf 51' lang='lat' dir='ltr'>immerit&#39;¹</span> 
     </span>
     <span class='ocr_line' id='line_1_36' title="bbox 97 2562 1552 2618; baseline -0.002 -10"><span class='ocrx_word' id='word_1_296' title='bbox 97 2564 224 2614; x_wconf 63' lang='lat' dir='ltr'>dieiae,</span> <span class='ocrx_word' id='word_1_297' title='bbox 239 2584 389 2618; x_wconf 87' lang='lat' dir='ltr'>quatum</span> <span class='ocrx_word' id='word_1_298' title='bbox 411 2569 545 2609; x_wconf 83' lang='lat' dir='ltr'>semina</span> <span class='ocrx_word' id='word_1_299' title='bbox 564 2569 706 2610; x_wconf 90' lang='lat' dir='ltr'>duobus</span> <span class='ocrx_word' id='word_1_300' title='bbox 722 2571 913 2610; x_wconf 81' lang='lat' dir='ltr'>instruntut</span> <span class='ocrx_word' id='word_1_301' title='bbox 930 2569 1021 2608; x_wconf 81' lang='lat' dir='ltr'>lobis</span> <span class='ocrx_word' id='word_1_302' title='bbox 1050 2568 1292 2614; x_wconf 84' lang='lat' dir='ltr'>multipartitis</span> <span class='ocrx_word' id='word_1_303' title='bbox 1313 2580 1354 2604; x_wconf 88' lang='lat' dir='ltr'>ac</span> <span class='ocrx_word' id='word_1_304' title='bbox 1376 2562 1552 2613; x_wconf 57' lang='lat' dir='ltr'>palmati(</span> 
     </span>
     <span class='ocr_line' id='line_1_37' title="bbox 97 2626 1548 2681; baseline -0.001 -10"><span class='ocrx_word' id='word_1_305' title='bbox 97 2634 318 2672; x_wconf 71' lang='lat' dir='ltr'>verticillum</span> <span class='ocrx_word' id='word_1_306' title='bbox 343 2633 444 2672; x_wconf 79' lang='lat' dir='ltr'>simul</span> <span class='ocrx_word' id='word_1_307' title='bbox 475 2635 733 2675; x_wconf 84' lang='lat' dir='ltr'>mentientibus</span> <span class='ocrx_word' id='word_1_308' title='bbox 750 2666 763 2681; x_wconf 95' lang='lat'>,</span> <span class='ocrx_word' id='word_1_309' title='bbox 793 2649 832 2676; x_wconf 87' lang='lat' dir='ltr'>ut</span> <span class='ocrx_word' id='word_1_310' title='bbox 854 2638 893 2674; x_wconf 87' lang='lat' dir='ltr'>in</span> <span class='ocrx_word' id='word_1_311' title='bbox 919 2636 1007 2673; x_wconf 85' lang='lat' dir='ltr'>Pino</span> <span class='ocrx_word' id='word_1_312' title='bbox 1025 2631 1120 2671; x_wconf 62' lang='lat' dir='ltr'>infra</span> <span class='ocrx_word' id='word_1_313' title='bbox 1135 2630 1347 2671; x_wconf 56' lang='lat' dir='ltr'>observatur</span> <span class='ocrx_word' id='word_1_314' title='bbox 1367 2626 1464 2668; x_wconf 71' lang='lat' dir='ltr'>class.</span> <span class='ocrx_word' id='word_1_315' title='bbox 1484 2640 1523 2677; x_wconf 74' lang='lat'>15</span> <span class='ocrx_word' id='word_1_316' title='bbox 1538 2655 1548 2670; x_wconf 60' lang='grc' dir='ltr'><em>ι</em></span> 
     </span>
     <span class='ocr_line' id='line_1_38' title="bbox 99 2695 1324 2789; baseline -0.002 -55"><span class='ocrx_word' id='word_1_317' title='bbox 99 2695 177 2735; x_wconf 84' lang='lat' dir='ltr'>ord.</span> <span class='ocrx_word' id='word_1_318' title='bbox 209 2711 240 2746; x_wconf 91' lang='lat'>5.</span> <span class='ocrx_word' id='word_1_319' title='bbox 269 2712 307 2744; x_wconf 89' lang='lat' dir='ltr'>p.</span> <span class='ocrx_word' id='word_1_320' title='bbox 333 2711 415 2745; x_wconf 86' lang='lat'><em>411.</em></span> <span class='ocrx_word' id='word_1_321' title='bbox 443 2711 528 2746; x_wconf 78' lang='lat'>415,</span> <span class='ocrx_word' id='word_1_322' title='bbox 1292 2740 1324 2789; x_wconf 77' lang='lat' dir='ltr'>b</span> 
     </span>
    </p>
   </div>
  </div>
 </body>
</html>
