1845 2968
274 170 366 217 228

272 318 1704 358 Μ

564 448 1058 505 CLASSIS
1135 450 1382 506 XIII.

288 599 565 651 PLANTAE
618 598 1174 647 DICOTYLEDONES
1216 592 1675 650 POLYPETALAE.

507 722 914 763 STAMINA
966 722 1469 764 HYPOGYNA.

268 820 524 908 CALIX
572 872 718 903 mono
765 869 845 903 aut
885 856 1223 922 polyphyllus,
1267 855 1485 903 rariffime
1532 857 1701 905 nullus.

264 938 424 986 Petala
461 937 719 1003 hypogyna
753 934 829 982 seu
860 931 1028 982 inserta
1061 934 1143 982 sub
1176 935 1370 998 pistillo,
1402 934 1593 983 definita
1620 950 1703 984 aut

263 1016 486 1064 rariffime
513 1013 755 1061 indefinita
781 1053 792 1071 ,
827 1013 1107 1078 plerumque
1129 1012 1340 1060 distincta
1361 1029 1440 1061 aut
1462 1013 1702 1062 interdum

262 1098 312 1143 in
355 1093 584 1142 corollam
628 1089 1186 1156 pseudo—monopetalam
1237 1090 1334 1138 basi
1381 1092 1584 1150 coalita,
1623 1106 1706 1140 aut

264 1175 373 1224 rard)
402 1173 542 1220 nulla.
570 1172 783 1219 Stamina
806 1171 1092 1238 hypogyna,
1121 1170 1312 1218 definita.
1334 1185 1414 1218 aut
1435 1170 1702 1230 indefinita,

260 1253 508 1301 filamentis
564 1249 678 1314 saepe
730 1248 949 1296 distincIis
993 1263 1073 1295 aut
1116 1247 1405 1313 quandoque
1458 1251 1506 1296 in
1552 1267 1705 1297 unum

260 1328 534 1380 tubulosum
567 1327 780 1386 coalitis,
825 1342 906 1375 aut
944 1327 1089 1374 rarius
1129 1330 1177 1374 in
1216 1327 1353 1391 plura
1396 1325 1704 1376 fasciculatim

262 1411 466 1459 collecIis
500 1429 512 1464 3
557 1409 759 1456 anthera:
811 1408 1028 1458 distinctae
1066 1411 1148 1468 (in
1184 1408 1327 1456 viola
1358 1411 1411 1457 &
1441 1407 1705 1458 Balsamina

261 1505 472 1539 commtae
496 1494 525 1549 ).
566 1490 773 1536 Germen
809 1488 1029 1553 superum
1064 1527 1076 1547 ,
1128 1491 1176 1536 in
1217 1489 1430 1553 plurimis
1474 1491 1702 1548 unicum,

262 1572 312 1616 in
359 1569 595 1616 nonnullis
631 1568 915 1632 multiplex3
965 1567 1103 1633 stylus
1143 1569 1307 1614 unicus
1341 1581 1421 1614 aut
1457 1567 1705 1632 multiplex

260 1663 341 1695 aut
377 1648 528 1695 nullus
559 1666 569 1700 ;
603 1647 766 1711 stigma
795 1663 941 1693 unum
976 1661 1055 1693 aut
1087 1646 1347 1710 multiplex.
1392 1646 1583 1693 Frucms
1623 1643 1702 1693 su·-

260 1742 396 1790 perus
424 1765 436 1783 ‚
488 1741 613 1772 nunc
657 1724 851 1789 fimplex
897 1726 977 1771 uni
1009 1738 1088 1771 aut
1123 1724 1482 1772 multilocularis
1514 1764 1526 1783 ,
1574 1741 1702 1773 nunc

260 1805 405 1851 rarius
436 1802 683 1868 multiplex
713 1802 893 1867 fingulo
920 1805 1180 1868 pericarpio
1213 1803 1510 1850 uniloculari.

313 1942 411 1979 OBs.
440 1939 654 1978 Staminum
680 1940 916 1992 hypogynia
949 1941 1070 1993 exigit
1099 1953 1261 1992 germen
1290 1939 1500 1992 superum;
1534 1939 1705 1980 admittit

259 2006 366 2045 idem
395 2005 557 2058 fimplex
587 2016 653 2046 aut
682 2005 917 2059 multiplex,
952 2007 1116 2047 calicem
1151 2006 1458 2059 monophyllum
1487 2016 1554 2045 aut
1583 2005 1704 2058 poly-

255 2072 438 2127 phyllum
470 2084 534 2111 aut
562 2073 651 2111 rard>
677 2071 828 2112 nullum
846 2103 856 2120 ,
877 2074 1069 2113 corollam
1089 2074 1357 2126 polypetalam
1383 2083 1448 2112 aut
1469 2071 1705 2125 quandoque

257 2139 434 2187 nullam,
464 2139 626 2179 stamina
663 2139 822 2180 definita
859 2153 927 2180 aut
965 2141 1169 2180 indefinita
1195 2171 1207 2189 ‚
1237 2140 1381 2179 coalita
1415 2150 1481 2179 aut
1513 2139 1703 2180 distinata.

251 2206 419 2247 Corolia
448 2206 589 2259 utpote
627 2208 855 2260 polypetala
886 2208 926 2248 &
962 2209 1182 2260 hypogyna
1218 2207 1444 2246 staminibus
1472 2207 1705 2259 hypogynis

254 2274 500 2327 germinique
536 2272 680 2327 supero
715 2273 865 2328 semper
889 2274 1114 2327 adjungitur
1141 2274 1384 2327 caeterosque
1412 2273 1604 2327 permittit
1625 2286 1705 2313 me·

254 2353 434 2380 moratos
472 2340 722 2389 caracterem
763 2342 900 2381 eadem
933 2342 1128 2381 interdum
1161 2339 1577 2394 pseudo-monopetala
1608 2339 1702 2379 cali-

246 2420 334 2448 cem
362 2419 455 2446 tunc
480 2407 652 2460 reposcit
680 2408 987 2461 monophyllum
1006 2439 1017 2456 ‚
1056 2408 1200 2461 pariter
1234 2407 1465 2447 staminibus
1498 2397 1711 2448 monade1-'

248 2475 338 2528 phis
369 2474 457 2524 jure
491 2474 716 2528 adstantem.
751 2475 934 2514 Germini
965 2475 1084 2515 unico
1118 2475 1241 2528 stylus
1271 2487 1336 2514 aut
1369 2473 1505 2526 stigma
1540 2472 1700 2525 simplex

246 2553 315 2581 aut
350 2541 589 2593 multiplex3
627 2542 869 2593 germinibus
907 2541 1048 2592 junffis
1084 2542 1175 2595 styli
1215 2553 1282 2582 aut
1314 2541 1487 2594 stigmata
1525 2539 1694 2580 totidem

250 2607 449 2659 fimplicia.

293 2675 334 2718 Si
366 2687 440 2728 qua
472 2674 639 2716 difficilis
666 2687 772 2720 extat
792 2676 1070 2730 Vegetantiuzn
1102 2676 1221 2718 series
1251 2673 1486 2716 instituenda
1509 2703 1520 2723 ‚
1546 2685 1593 2713 ea
1632 2672 1688 2713 est
