1845 2968
1440 105 1519 149 xxi

84 188 127 231 ὅ(
139 189 309 242 quadam
330 189 594 244 designatione
617 189 660 228 &
677 189 837 230 historia
855 189 895 230 δι
911 190 1101 231 Veterum
1121 190 1356 244 synonymia
1371 191 1521 234 summe

79 257 393 299 commendandi.
819 274 821 276 ’

129 321 285 364 Interea
323 325 439 365 nullis
477 325 650 366 adstriSta
685 325 834 378 legibus
863 325 1048 366 §luein-<ms
1081 325 1281 365 obmutuit
1317 325 1478 366 scientia
1507 358 1520 376 ,

69 386 206 430 'donec
240 392 500 432 intellexerint
526 393 707 433 Botanici
741 407 826 433 eam
856 394 895 432 in
931 392 1164 433 caraEIerum
1196 392 1520 444 investigatione,

77 456 120 496 in
147 458 330 510 generica
359 459 572 516 specierum
600 460 847 500 connexione
865 489 876 508 ‚
909 460 948 498 in
985 459 1164 508 ulteriori
1193 471 1377 511 generum
1413 460 1521 500 ordi-

78 524 240 564 natione
263 527 485 579 praeprimis
512 527 660 566 versari
682 557 694 575 ,
719 525 760 564 δι
786 526 825 565 in
855 525 1112 566 conficiendis
1136 526 1342 578 generibus
1367 536 1432 565 aut
1453 540 1520 566 or-

77 588 236 630 dinibus
266 591 457 644 quosdam
488 606 569 646 prae
596 592 750 632 caeteris
785 591 1027 631 adhibendos
1056 591 1130 631 effe
1167 591 1393 631 caracteres.
1427 592 1520 631 Non

75 652 163 697 haec
201 667 331 698 tamen
369 659 544 700 doeh-ina
578 658 779 698 confestim
813 658 993 697 invaluit.
1035 658 1234 698 Gesnerus
1263 659 1374 711 prior
1397 659 1521 698 edixit

74 721 179 775 signa
196 723 334 764 deduci
362 725 448 776 jure
476 724 670 777 praecipua
695 736 743 763 ex
763 722 1085 770 fruffificatione,
1109 724 1369 764 annuentibus
1386 724 1520 776 postea

74 789 299 844 Caesalpino
324 792 365 831 &
391 790 598 832 Columna.
627 789 867 842 Principium
906 790 999 829 illud
1032 790 1261 843 aliquandiu
1301 791 1518 844 neglecium

74 857 242 898 restituit
267 857 514 898 Morisonius
536 888 546 906 ‚
589 855 779 896 admisere
807 856 930 895 Raius
956 858 994 894 &
1021 856 1194 896 Rivinus
1222 858 1262 896 δι
1291 857 1484 897 coaetanei
1506 887 1520 907 ,

75 925 243 965 omnino
270 923 480 964 illustravit
508 924 569 963 his
601 924 798 965 recentior
833 923 1158 963 Tournefortius.
1185 923 1385 976 Perpenfis
1414 924 1517 964 enim

72 989 239 1030 diversis
275 991 495 1044 plantarum
527 991 705 1045 partibus
735 991 938 1045 genericas
971 991 1009 1030 in
1044 991 1142 1031 flore
1168 990 1210 1031 δι
1245 989 1371 1030 ῑῑυξὶιι
1406 1001 1521 1031 notas

42 1078 45 1081 ν
71 1056 184 1098 certo
214 1057 414 1099 confidere
439 1057 595 1099 asseruit
616 1089 628 1108 ,
669 1058 838 1111 indeque
867 1058 934 1097 sua
972 1058 1160 1098 exstruxit
1191 1058 1323 1098 omnia
1349 1070 1518 1110 genera,

71 1124 149 1164 alia
178 1124 320 1179 nempe
349 1125 466 1178 primi
495 1126 645 1165 ordinis
678 1125 762 1166 sola
787 1125 1087 1165 fruciificatione
1118 1125 1310 1177 designata
1329 1157 1340 1174 ‚
1366 1125 1442 1164 alia
1468 1125 1520 1166 se-

71 1191 193 1233 cundi
217 1192 367 1232 ordinis
394 1192 434 1231 in
461 1193 605 1245 quibus
636 1193 740 1232 aliud
769 1204 912 1246 praeter
941 1192 1187 1233 conformem
1211 1192 1522 1233 fruffificationis

72 1258 300 1299 strufiiuram
327 1259 583 1312 designationi
609 1260 776 1300 additur.
799 1260 1090 1312 promulgatam
1107 1260 1230 1312 legem
1250 1262 1290 1300 ὃ(
1307 1258 1520 1299 numeroso

70 1337 260 1377 generum
291 1326 394 1380 saepe
427 1327 662 1368 naturalium
697 1339 902 1368 conventu
935 1327 1139 1367 stabilitam
1174 1326 1326 1366 admisit
1363 1325 1518 1379 postera

71 1391 355 1434 Botanicorum
383 1395 532 1435 cohors
561 1396 697 1448 paucis
722 1396 906 1448 exceptis.

121 1459 435 1511 Touxrnefortius
462 1462 502 1500 in
528 1462 763 1502 caraefferum
795 1462 835 1501 δι
864 1474 1106 1515 organorum
1133 1459 1331 1500 floralium
1361 1470 1521 1498 enume-

74 1526 228 1566 ratione
257 1526 386 1580 pistilli
417 1539 548 1580 partes
576 1528 615 1569 δι
643 1528 803 1568 stamina
834 1528 1063 1581 despexerat
1092 1540 1165 1580 pro
1195 1524 1361 1565 vasculis
1383 1536 1521 1563 excre-

69 1593 187 1634 toriis
210 1593 343 1633 habita
374 1596 421 1644 ⁶¹,
452 1595 545 1635 licet
574 1595 652 1646 jam
683 1597 793 1635 antea
821 1596 867 1636 de
901 1596 1117 1648 plantarum
1147 1593 1240 1633 sexu
1265 1593 1287 1631 a
1305 1592 1521 1631 Veteribus

69 1660 264 1714 praesenso
297 1661 443 1715 aliquid
474 1662 716 1714 protulissent
741 1663 988 1703 Camerarius
1008 1693 1020 1709 ‚
1043 1661 1306 1713 Caesalpinus,
1334 1659 1522 1699 Grewius

8 1719 13 1724 ’
72 1728 114 1767 δι
129 1726 378 1780 Malpighius.
393 1727 556 1768 Ineunte
572 1730 751 1782 praesenti
765 1743 858 1770 aevo
875 1730 1019 1783 (1702)
1037 1727 1289 1768 Burckardus
1305 1727 1342 1765 in
1358 1725 1521 1778 epistola

71 1784 120 1834 ad
137 1794 398 1834 Leibnitzium
412 1794 622 1836 sexualium
638 1809 875 1849 organorum
888 1798 1116 1837 stru&uram
1129 1794 1290 1834 &usum
1304 1793 1385 1833 fuse
1401 1806 1523 1844 expo-

70 1862 176 1910 suit3
200 1862 332 1901 varias
360 1861 444 1902 dein
473 1863 633 1915 pollinis
656 1863 813 1904 masculi
844 1863 990 1904 formas
1021 1863 1235 1902 delineavit
1264 1859 1521 1906 Geoffraeus3

70 1928 354 1970 Burckardiani
371 1929 500 1982 placiti
518 1929 671 1971 nescius
696 1931 857 1971 sexuum
885 1931 1077 1971 afflonem
1096 1929 1223 1982 palam
1248 1925 1520 1979 promulgavit

130 2123 149 2142 ⁶
190 2119 324 2158 Alienae
354 2121 390 2158 in
418 2122 508 2161 flore
535 2133 650 2168 partes
669 2122 689 2159 a
715 2120 924 2159 staminibus
954 2117 1122 2165 tanquam
1150 2117 1171 2155 a
1197 2117 1285 2156 vasis
1315 2117 1519 2155 excretoriis

73 2195 230 2229 exceptae
252 2182 478 2231 deponuntur
505 2186 541 2223 in
566 2187 685 2232 apices
715 2184 941 2230 (antheras)
968 2184 1064 2221 velut
1094 2184 1128 2219 in
1159 2182 1312 2219 cloacas.
1345 2179 1519 2230 Tourtzef.

74 2245 175 2298 Ifilg-
201 2261 238 2295 P·
267 2252 323 2284 68.
351 2261 409 2294 70.
442 2249 541 2287 Alibi
570 2262 689 2287 tamen
723 2248 1002 2288 Tourneforrius
1036 2247 1238 2295 plantarum
1266 2243 1385 2282 sexum
1421 2241 1519 2291 quasi

74 2309 344 2357 subodoratus,
371 2311 457 2350 dum
484 2313 528 2351 de
557 2313 689 2353 dio'icis
713 2315 763 2353 ait
786 2330 794 2350 ι
820 2317 876 2351 An
903 2311 1109 2359 corpuscula
1135 2310 1279 2347 fluentia
1305 2323 1347 2348 ex
1371 2307 1520 2346 floribus

80 2374 117 2412 in
145 2380 288 2412 teneros
318 2374 454 2414 fruetus
481 2378 605 2423 procul
634 2376 817 2420 nascentes
843 2375 1029 2420 feruntur,
1054 2386 1092 2411 ut
1119 2373 1227 2410 veluti
1255 2372 1274 2410 ὲ
1303 2384 1446 2418 torpore
1477 2369 1524 2411 ad

76 2439 265 2485 proprium
289 2440 552 2478 incrementum
587 2442 808 2481 excitentur?
837 2435 1162 2491 Quemadmodum
1190 2435 1234 2473 de
1264 2434 1394 2472 Palmis
1426 2446 1525 2472 mare

85 2505 120 2538 &
141 2499 315 2540 foemina.
332 2531 342 2541 .
360 2532 368 2541 .
385 2502 605 2541 affirmatur.
625 2533 632 2542 .
649 2531 657 2540 .
676 2504 854 2542 ramulum
872 2503 970 2541 floris
993 2501 1100 2538 maris
1123 2500 1160 2537 in
1178 2497 1340 2545 spatham
1365 2496 1527 2535 foeminae

77 2562 189 2602 inseri
211 2578 283 2611 quo
305 2577 467 2612 ternpore
491 2565 614 2613 spatha
633 2565 734 2606 hiare
760 2565 880 2612 solet3
901 2567 965 2603 flos
993 2564 1189 2609 explicatus
1203 2562 1390 2609 pulverem
1409 2558 1533 2598 fundit

84 2624 157 2666 fine
181 2631 279 2679 quus
302 2627 496 2668 affeeiionc
517 2629 650 2678 daetyli
675 2631 794 2670 acerbi
818 2629 937 2669 forent
960 2633 994 2667 εξ
1017 2623 1190 2666 insuaves.
1211 2623 1300 2661 ibid·
1316 2638 1354 2670 P·
1377 2630 1434 2671 ⁶9·

1210 2686 1242 2735 b
1266 2688 1313 2748 iij
