1845 2968
1438 137 1501 201 xlj

120 241 176 283 30.
197 228 280 271 Alii
300 220 466 272 tertiarii
487 227 965 275 semiuniformesmodc)
983 229 1022 269 in
1042 229 1247 271 ordinibus
1262 230 1504 281 constantes,

67 297 191 338 modo
221 299 354 347 varii,
390 310 473 338 tum
504 311 553 337 ex
592 298 751 349 organis
780 296 1040 337 effentialibus
1069 308 1150 337 tum
1188 311 1236 338 ex
1266 299 1353 338 aliis
1388 298 1504 339 dedu·

67 374 212 404 cuntur
230 394 245 411 ,
272 365 413 418 nempe
434 365 456 404 ὲ
475 365 595 405 calice
621 378 742 404 mono
767 375 833 404 aut
862 365 1124 418 polyphyllo,
1141 365 1316 417 germine
1339 363 1505 416 fimplici

66 441 135 470 aut
166 432 394 485 multiplici,
419 432 623 472 staminum
650 444 817 472 numero
837 432 878 470 ὃ(
895 433 1155 485 proportione
1175 432 1217 470 &
1238 434 1506 481 connexione,

66 497 214 537 fruens
241 498 483 540 dehiscentia
515 500 554 539 &
584 500 809 539 loculorum
845 501 1060 547 numero,
1073 498 1259 539 foliorum
1290 499 1332 538 δε
1363 499 1507 539 florum

65 562 312 613 fitu,xcaule
352 566 524 605 arborco
565 576 632 605 aut
669 565 865 604 herbaceo
887 593 902 609 ,
939 565 1097 617 aliisque
1127 576 1194 605 aut
1225 566 1413 605 similibus
1441 578 1510 606 aut

67 628 292 670 levioribus
327 632 462 676 notis,
498 644 586 683 quae
613 628 788 669 seorsum
827 630 1036 680 generibus
1072 630 1345 682 distinguendis
1376 641 1507 684 aptae,

67 695 180 736 fimul
218 697 448 737 definiendis
475 696 681 737 ordinibus
716 695 1006 747 impenduntur.
1039 696 1258 736 Necessaria
1291 698 1390 737 inter
1424 699 1508 738 illas

68 774 202 818 mapet
227 765 460 804 instituenda
485 762 665 815 gradatio
683 793 694 810 ,
726 774 816 800 cum
851 762 938 801 aliae
973 763 1059 802 aliis
1086 763 1158 802 s1nt
1185 775 1252 803 aut
1285 765 1407 805 multb
1441 776 1510 805 aut

69 831 186 884 paulo
205 832 498 872 constantiores.
528 830 602 870 Sed
631 829 793 869 ulterior
822 831 1059 882 promoveri
1083 832 1218 883 nequit
1247 845 1380 871 earum
1408 832 1508 872 aesti-

73 900 199 939 matio
219 911 307 958 quae
325 896 458 938 forsan
488 898 720 951 pauciorum
747 909 850 938 nunc
865 898 1049 938 ordinum
1071 898 1359 939 notissimorum
1378 900 1512 953 inqui-

67 964 210 1017 fitione
241 964 463 1005 illustratur.
1250 959 1271 975 ⁸

119 1030 220 1071 Illud
238 1031 391 1071 tantilm
415 1033 455 1071 in
476 1042 664 1086 promptu
679 1033 839 1085 jamjam
861 1032 1098 1074 concludere
1118 1034 1253 1084 juvat,
1281 1035 1421 1087 nempe
1439 1035 1514 1074 dis-

10 1105 12 1107 ’
63 1098 206 1138 {incias
221 1098 304 1138 dari
320 1104 558 1141 caraQerum
580 1099 767 1140 cohortes
794 1100 938 1153 quibus
958 1099 1116 1152 singulis
1145 1102 1234 1141 suus
1250 1102 1304 1142 est
1323 1102 1512 1155 generalis

69 1165 302 1218 praestantiae
330 1166 495 1218 gradus,
525 1180 613 1219 quae
637 1179 767 1205 tamen
799 1179 880 1206 non
911 1168 1020 1205 certo
1046 1167 1350 1221 circumscriptae
1382 1179 1514 1209 extre-

69 1233 146 1272 mis
165 1233 263 1273 inter
284 1233 324 1274 se
351 1233 555 1274 cohaerent
573 1247 617 1273 ac
636 1234 743 1286 quasi
767 1234 1078 1286 complicantur,
1093 1235 1134 1273 &
1148 1236 1303 1287 posthzic
1317 1236 1431 1276 aufto
1450 1249 1515 1276 or-

68 1300 206 1340 dinum
221 1293 320 1342 vere
335 1302 571 1341 naturalium
591 1315 758 1341 numero
770 1332 782 1350 ,
802 1302 990 1354 ampliato
1006 1302 1329 1342 observationum
1349 1316 1490 1356 campo
1503 1334 1515 1352 ,

68 1367 338 1419 multiplicatis
360 1368 642 1421 probationum
670 1368 889 1407 rationibus
917 1368 958 1406 δε
983 1368 1219 1407 accuratiori
1248 1368 1411 1407 subinde
1435 1368 1515 1406 ins-

69 1435 188 1475 tituta
203 1435 460 1475 aestimatione
477 1467 489 1484 ‚
511 1436 549 1474 in
567 1435 698 1488 plures
720 1434 849 1487 aptius
869 1434 1050 1474 definitas
1069 1435 1211 1474 iterum
1228 1434 1463 1474 dividentur.

120 1502 303 1543 Admissfi
333 1503 490 1542 interim
521 1502 673 1541 trifaria
701 1501 940 1542 caraRerum
973 1502 1247 1554 genericorum
1272 1502 1514 1553 partitione,

69 1570 200 1623 dispar
227 1582 277 1611 ex
309 1570 358 1609 iis
388 1569 596 1610 deducitur
628 1582 817 1621 generum
839 1570 1035 1619 affinitas,
1056 1569 1205 1609 scilicet
1231 1569 1332 1609 nulla
1354 1582 1402 1609 ex
1421 1569 1524 1608 solis

69 1635 433 1681 semiuniformibus
447 1636 614 1675 minoris
631 1648 760 1684 norae,
783 1636 994 1676 mediocris
1013 1649 1063 1677 ex
1078 1636 1214 1676 iisdem
1233 1636 1418 1676 constan.'
1412 1636 1515 1675 rori-

71 1704 174 1752 bus,
196 1703 327 1756 aliqua
344 1717 395 1743 ex
422 1703 787 1752 subuniformibus,
815 1716 942 1755 maior
969 1717 1018 1744 ex
1043 1703 1318 1743 uniformibus
1340 1701 1514 1742 Aliunde

70 1770 192 1810 etiam
215 1759 257 1808 i1‘1
284 1770 526 1810 instituendis
554 1771 762 1811 ordinibus
795 1784 893 1811 vere
920 1772 1164 1811 naturalibus
1194 1771 1349 1810 diversa
1382 1770 1516 1821 cujus-

71 1838 169 1877 libet
192 1837 416 1889 partitionis
441 1838 494 1877 est
516 1839 693 1878 habenda
717 1839 845 1879 ratio:
861 1852 1004 1892 genera
1026 1840 1130 1879 enim
1150 1839 1190 1877 in
1219 1839 1266 1877 iis
1287 1837 1517 1877 coordinata

72 1903 325 1944 consentiunt
350 1903 560 1944 necessarie>
587 1905 846 1945 camere-ribus
873 1905 1069 1957 primariis
1087 1934 1097 1950 ,
1121 1905 1352 1956 generaliter
1379 1902 1518 1942 secun-

73 1971 224 2019 dariis,
255 1970 467 2024 plurimum
494 1972 683 2011 tertiariis
712 1965 1068 2018 constantioribusJ
1096 1971 1288 2009 interdum
1305 1969 1439 2009 iisdem
1457 1969 1517 2007 in·

74 2038 353 2079 stabilioribus.
375 2038 437 2077 Sic
454 2038 492 2076 in
510 2037 809 2078 Cruciferarum
831 2038 971 2078 ordine
993 2037 1170 2089 primarii
1197 2035 1411 2077 uniformes
1433 2036 1518 2076 sunt

65 2093 240 2145 ‘stamina
272 2104 491 2157 hypogyna
526 2103 567 2142 δε
597 2105 800 2143 corculum
831 2104 1021 2143 bilobum.
1048 2103 1270 2142 Secundarii
1301 2103 1389 2142 sunt
1418 2104 1518 2155 peri-

74 2171 220 2225 spermi
241 2170 410 2211 defeetus
428 2202 440 2219 ,
469 2171 572 2211 calix
595 2171 761 2210 existens
792 2171 833 2210 δε
859 2171 1025 2223 germini
1053 2171 1199 2209 inferus
1216 2201 1227 2219 ‚
1259 2169 1411 2209 corolla
1439 2169 1518 2221 hy-

76 2251 241 2292 pogyna
268 2238 308 2278 &
331 2238 587 2291 polypetala,
613 2239 765 2279 corculi
794 2239 967 2278 radicula
991 2238 1224 2278 descendens
1241 2267 1252 2283 ,
1283 2236 1429 2276 semina
1460 2236 1519 2274 in-

77 2306 179 2345 serta
215 2304 363 2357 duplici
403 2305 652 2357 receptaculo
685 2305 833 2346 laterali
867 2305 1064 2359 opposito.
1098 2304 1284 2344 Tertiarii
1327 2303 1519 2342 habentur

77 2373 179 2413 calix
206 2372 468 2424 tetraphyllus
503 2372 715 2420 deciduus,
748 2373 876 2425 petala
905 2385 1076 2426 quatuor
1104 2372 1216 2411 calici
1245 2371 1418 2420 alterna,
1446 2371 1519 2410 sta-

75 2440 184 2480 mina
215 2439 280 2480 sex
312 2440 583 2491 tetradynama
603 2468 617 2484 ,
651 2451 809 2491 germen
843 2440 1032 2493 simplat,
1063 2439 1208 2478 fruetus
1238 2437 1441 2491 filiquosus
1463 2437 1520 2476 bi-

77 2506 264 2546 locularis
292 2507 467 2546 bivalvis
492 2537 504 2555 ‚
541 2505 638 2546 folia
666 2507 842 2557 alterna,
879 2508 997 2548 flores
1028 2519 1109 2546 non
1141 2506 1349 2553 axillare53
1383 2514 1518 2544 extant

77 2582 209 2612 tamen
236 2572 423 2613 rariffime
461 2573 563 2612 calix
599 2573 798 2626 persistens
817 2604 828 2622 ,
858 2574 977 2614 flores
1006 2573 1150 2612 abortu
1179 2571 1329 2611 diandri
1359 2583 1427 2610 aut
1453 2581 1518 2610 te-

76 2640 226 2681 trandri
243 2672 256 2691 ,
287 2639 429 2682 fruetus
447 2641 514 2680 uni
531 2650 597 2680 aut
615 2641 854 2682 trilocularis
875 2654 954 2681 non
972 2640 1173 2681 dehiscens
1186 2669 1201 2686 ,
1226 2639 1320 2679 folia
1338 2638 1517 2692 opposita
