1845 2968
92 1202 239 1235 claffium
254 1201 299 1233 al-

93 1259 157 1281 tera
171 1249 299 1289 partitio

91 1299 299 1334 numerosior,

90 1340 216 1372 corolla:
251 1341 301 1372 be-

90 1383 216 1419 neficio.

330 141 348 196 1

328 236 472 294 partita
503 235 543 275 in
572 232 706 274 classes
736 229 874 272 severe
908 224 1248 279 circumscriptas,
1276 225 1381 269 facili
1410 226 1626 269 Botanices
1647 225 1778 269 studio

330 305 459 347 minus
482 302 683 344 conducit.
707 299 748 339 ln
772 299 845 339 hac
869 296 988 348 igitur
1014 293 1142 345 major
1165 306 1376 349 exoptatur
1400 307 1589 336 numerus
1604 294 1779 336 claffium

329 373 419 414 ideo
440 369 774 413 contractiorum.
796 378 837 405 ut
863 362 952 402 inde
982 362 1208 415 promptior
1231 375 1276 403 ac
1302 363 1526 417 expeditior
1545 362 1690 404 evadat
1712 374 1783 416 ge·

328 451 467 480 nerum
497 437 789 489 specierumque
809 428 1070 481 investigatio.

378 505 561 545 Claffium
584 513 715 542 autem
751 497 1072 550 multiplicationi
1102 495 1230 536 obstat
1256 496 1496 537 cara&erum
1522 496 1780 539 essentialium

326 573 500 628 penuria.
527 570 611 622 Qui
634 569 735 608 enim
760 566 895 618 singuli
913 565 1068 606 caeteris
1086 566 1271 605 omnibus
1291 564 1511 614 conjunffls
1526 564 1784 619 aequipollent

327 636 621 693 praestant'tslimi
639 664 652 680 ,
674 635 712 673 hi
735 633 912 673 seorsum
928 631 1122 672 definiunt
1143 631 1298 671 abunde
1319 630 1452 671 classes
1467 644 1556 685 quae
1571 632 1692 672 unico
1711 632 1782 673 tali

326 699 438 757 signo
468 712 614 742 notatae
636 699 751 740 certo
769 699 966 739 naturales
993 699 1196 738 habentur.
1227 697 1335 737 Dum
1362 697 1505 737 contra
1533 697 1683 739 defeeiu
1701 698 1784 752 pri·

327 773 544 812 mariorum
577 770 655 808 alia
678 768 962 820 impenduntur
985 767 1088 819 signa
1121 765 1393 818 subsequentia
1409 794 1422 811 ,
1451 775 1547 805 tunc
1565 765 1676 819 plura
1696 766 1786 806 sunt

325 837 545 890 colligenda
573 850 661 889 quae
692 836 847 875 viribus
889 835 1111 874 valentiora
1145 833 1289 884 junctis
1324 833 1372 872 ad
1401 832 1587 885 primaria
1618 833 1786 887 propiils

324 905 542 953 accedunt3
574 903 638 943 sed
670 916 782 956 aequa
809 902 916 954 prius
951 899 1181 940 instituenda
1213 899 1267 940 est
1298 912 1438 939 eorum
1467 899 1675 939 aestimatio
1695 929 1708 949 ,
1734 899 1787 939 εὸ

326 972 527 1013 difficilior
560 971 641 1024 quo
667 969 779 1022 plura
811 969 921 1008 simul
950 967 1031 1008 sese
1057 966 1232 1007 offerunt
1253 967 1386 1019 primo
1417 966 1572 1019 aspectu
1597 967 1789 1019 aequalia;

324 1039 368 1080 δι
396 1041 543 1079 interea
571 1037 687 1079 ceffit
718 1037 884 1077 ulterior
911 1035 1082 1075 claffium
1114 1034 1308 1087 partitio,
1342 1032 1482 1087 utpote
1514 1047 1604 1087 quae
1639 1033 1789 1088 simpli-

325 1108 437 1148 cibus
472 1119 552 1147 non
585 1106 630 1145 sit
658 1104 908 1145 absolvenda
942 1103 1070 1155 signis.

379 1173 482 1214 (jum
520 1185 653 1213 tamen
695 1172 912 1211 Botanices
953 1170 1079 1210 studio
1122 1170 1419 1211 numerosiores
1458 1169 1558 1210 vere·
1596 1169 1788 1211 famulen-

326 1253 388 1283 tur
418 1241 551 1282 classes
572 1271 584 1288 ‚
621 1241 660 1279 in
700 1239 827 1279 solida
866 1252 1006 1278 earum
1045 1238 1326 1280 constitutione
1355 1250 1459 1279 nunc
1493 1238 1548 1277 est
1582 1239 1788 1279 elaboran-

327 1310 419 1350 dum
437 1340 448 1357 ‚
476 1308 664 1348 adhibitis
693 1306 959 1346 cara&eribus
999 1304 1234 1345 secundariis
1252 1320 1290 1359 p.
1317 1306 1385 1354 xl,
1418 1305 1567 1350 servata
1596 1305 1788 1359 quantum

328 1378 415 1418 fieri
442 1376 569 1429 potest
593 1375 679 1426 lege
704 1374 899 1419 naturali,
928 1373 1092 1412 servatis
1119 1374 1239 1414 etiam
1270 1374 1450 1426 genuinis
1473 1373 1680 1413 ordinibus
1702 1385 1786 1415 non

330 1442 408 1481 sine
441 1440 612 1480 scientiae
640 1439 881 1478 detrimento
912 1437 1181 1477 dissolvendis.
1209 1437 1439 1478 Caraeteres
1467 1438 1701 1489 memorati,
1719 1439 1788 1480 alii

331 1508 594 1549 essentialibus
615 1506 873 1558 cognatiffimi
890 1537 902 1555 ‚
933 1505 1110 1558 ipsorum
1139 1505 1470 1545 immutabilitatis
1498 1505 1597 1545 fiunt
1620 1506 1788 1547 omnino

331 1576 558 1621 consortes,
586 1585 627 1613 ut
649 1573 854 1613 existentia
881 1571 922 1611 δι
947 1572 1117 1612 insertio
1134 1572 1303 1612 corollae
1325 1570 1571 1611 staminiferae
1592 1587 1602 1619 ·‚
1622 1573 1687 1612 alii
1708 1574 1790 1626 pri-

335 1643 476 1684 mariis
493 1641 631 1681 affines
657 1640 698 1679 δι
725 1640 898 1692 ejusdem
926 1640 1256 1679 immutabilitatis
1283 1639 1433 1679 tantum
1460 1639 1766 1694 semiparticipes
1784 1679 1798 1700 ‚

331 1708 529 1761 generales
558 1707 750 1746 habentur
783 1723 821 1759 p.
850 1707 915 1751 xl,
941 1707 1176 1758 exceptione
1203 1706 1486 1759 nonnunquam
1514 1706 1701 1756 varii,ut
1718 1720 1790 1750 co-

333 1776 445 1816 rollae
479 1774 642 1828 partitio
679 1785 746 1813 aut
782 1773 984 1825 integritas
1011 1773 1051 1812 δι
1079 1773 1253 1824 ejusdem
1284 1785 1362 1812 non
1395 1770 1761 1816 staminiferae'fitus
1787 1789 1798 1814 τ

330 1842 382 1883 sic
410 1855 459 1882 ex
488 1840 711 1883 observatis
743 1839 896 1879 corolla
924 1839 1177 1891 monopetala
1205 1839 1260 1879 est
1287 1839 1431 1892 saepius
1458 1839 1723 1890 staminifera,
1744 1842 1788 1882 δε

329 1909 467 1951 eadem
492 1908 721 1961 polypetala
749 1907 890 1960 saepius
919 1908 971 1947 est
993 1919 1073 1946 non
1100 1906 1333 1947 staminifera
1351 1938 1361 1955 ,
1390 1920 1439 1947 ex
1453 1907 1593 1949 eodem
1611 1920 1700 1950 cum
1718 1910 1801 1951 stas

331 1977 502 2018 minibus
542 1975 687 2030 punc'to
726 1976 957 2030 plerumque
1001 1987 1114 2016 enata
1143 1990 1151 2014 :
1184 1975 1288 2016 unde
1326 1975 1462 2029 paucis
1496 1976 1706 2028 exceptis,
1734 1991 1786 2019 ex

329 2044 545 2084 insertione
575 2043 616 2083 δι
642 2055 809 2083 numero
836 2043 1006 2095 partium
1027 2043 1194 2084 corollae
1219 2043 1467 2084 concluditur
1498 2043 1703 2085 staminum
1727 2046 1786 2100 ip-

329 2111 547 2151 sorummet
577 2110 758 2151 insertio.

377 2178 543 2219 Corolla
571 2179 688 2231 igitur
717 2177 946 2217 staminibus
969 2177 1097 2217 affinis
1125 2177 1392 2218 auxiliatrices
1417 2179 1546 2230 potest
1573 2189 1688 2220 notas
1713 2178 1785 2220 ad·

327 2247 448 2294 dere,
469 2247 613 2301 quibus
651 2258 772 2285 novae
802 2245 934 2286 classes
963 2255 1029 2285 aut
1057 2245 1226 2285 claffium
1258 2246 1538 2299 praemiffarum
1566 2246 1786 2288 divisiones

324 2312 595 2364 designentur,
625 2313 648 2352 a
675 2312 812 2352 natura
845 2324 923 2351 non
942 2311 1096 2351 alienae.
1129 2312 1391 2367 Quapropter
1422 2313 1675 2353 Linnaeanum
1703 2312 1786 2366 sys-

323 2389 428 2420 tema
457 2378 803 2420 Tournefortiano
829 2380 960 2420 minus
989 2381 1043 2421 est
1073 2381 1246 2421 naturale
1270 2396 1278 2420 ε
1305 2381 1488 2422 Linnaeus
1514 2381 1618 2421 enim
1645 2380 1687 2420 in
1713 2393 1784 2421 or·

322 2458 427 2499 gano
457 2446 641 2486 essentiali
676 2447 779 2501 signa
809 2447 958 2487 tantum
994 2448 1123 2501 selegit
1154 2449 1330 2489 tertiaria
1353 2463 1367 2499 ;
1401 2447 1712 2489 Tournefortius
1738 2449 1779 2490 in

322 2513 558 2554 secundario
572 2514 786 2568 praeposuit
803 2513 1032 2555 secundaria
1044 2546 1054 2562 ,
1067 2516 1107 2555 δι
1126 2516 1405 2569 monopetalos
1418 2515 1539 2557 flores
1552 2515 1601 2555 ab
1615 2516 1780 2569 apetalis

322 2581 364 2620 δι
393 2582 636 2634 polypetalis
662 2577 926 2635 distinguens,
957 2582 1103 2622 inscius
1138 2584 1345 2624 staminum
1389 2583 1593 2624 insertioni
1629 2585 1773 2637 partim

325 2648 633 2702 obtemperavit.
650 2649 832 2693 Sexubus
852 2650 1029 2694 nondum
1059 2652 1268 2707 perspectis
1281 2682 1296 2699 ,
1328 2652 1558 2693 stamineum
1576 2661 1775 2704 organum
