<?xml version="1.0" encoding="UTF-8"?>
<!DOCTYPE html PUBLIC "-//W3C//DTD XHTML 1.0 Transitional//EN"
    "http://www.w3.org/TR/xhtml1/DTD/xhtml1-transitional.dtd">
<html xmlns="http://www.w3.org/1999/xhtml" xml:lang="en" lang="en">
 <head>
  <title>
</title>
<meta http-equiv="Content-Type" content="text/html;charset=utf-8" />
  <meta name='ocr-system' content='tesseract 3.04.00' />
  <meta name='ocr-capabilities' content='ocr_page ocr_carea ocr_par ocr_line ocrx_word'/>
</head>
<body>
  <div class='ocr_page' id='page_1' title='image "./generaplantarums00juss_0050.png"; bbox 0 0 1845 2968; ppageno 0'>
   <div class='ocr_carea' id='block_1_1' title="bbox 324 122 1794 1322">
    <p class='ocr_par' dir='ltr' id='par_1_1' title="bbox 324 122 417 167">
     <span class='ocr_line' id='line_1_1' title="bbox 324 122 417 167; baseline -0.032 -13"><span class='ocrx_word' id='word_1_1' title='bbox 324 122 417 167; x_wconf 68' lang='lat' dir='ltr'>XXR)</span> 
     </span>
    </p>

    <p class='ocr_par' dir='ltr' id='par_1_2' title="bbox 328 189 1794 1053">
     <span class='ocr_line' id='line_1_2' title="bbox 328 189 1772 249; baseline -0.003 -10"><span class='ocrx_word' id='word_1_2' title='bbox 328 196 588 246; x_wconf 84' lang='lat' dir='ltr'>Vaillantius;</span> <span class='ocrx_word' id='word_1_3' title='bbox 604 195 762 249; x_wconf 89' lang='lat' dir='ltr'>pollinis</span> <span class='ocrx_word' id='word_1_4' title='bbox 782 194 1020 241; x_wconf 71' lang='lat' dir='ltr'>dehiscentia</span> <span class='ocrx_word' id='word_1_5' title='bbox 1031 193 1073 233; x_wconf 76' lang='grc' dir='ltr'>δι</span> <span class='ocrx_word' id='word_1_6' title='bbox 1089 207 1196 236; x_wconf 69' lang='lat' dir='ltr'>aure</span> <span class='ocrx_word' id='word_1_7' title='bbox 1212 195 1404 237; x_wconf 81' lang='lat' dir='ltr'>seminalis</span> <span class='ocrx_word' id='word_1_8' title='bbox 1420 189 1569 237; x_wconf 81' lang='lat' dir='ltr'>emiffio</span> <span class='ocrx_word' id='word_1_9' title='bbox 1582 193 1627 234; x_wconf 87' lang='lat' dir='ltr'>B.</span> <span class='ocrx_word' id='word_1_10' title='bbox 1642 189 1772 239; x_wconf 74' lang='lat' dir='ltr'>Juffaei</span> 
     </span>
     <span class='ocr_line' id='line_1_3' title="bbox 331 257 1771 315; baseline -0.006 -11"><span class='ocrx_word' id='word_1_11' title='bbox 331 263 374 304; x_wconf 85' lang='lat'>&amp;</span> <span class='ocrx_word' id='word_1_12' title='bbox 399 263 633 311; x_wconf 85' lang='lat' dir='ltr'>Needhamii</span> <span class='ocrx_word' id='word_1_13' title='bbox 663 261 1015 303; x_wconf 85' lang='lat' dir='ltr'>observationibus</span> <span class='ocrx_word' id='word_1_14' title='bbox 1043 261 1262 303; x_wconf 79' lang='lat' dir='ltr'>innotuere.</span> <span class='ocrx_word' id='word_1_15' title='bbox 1289 262 1383 302; x_wconf 75' lang='lat' dir='ltr'>Inde</span> <span class='ocrx_word' id='word_1_16' title='bbox 1413 261 1595 315; x_wconf 84' lang='lat' dir='ltr'>pistillum</span> <span class='ocrx_word' id='word_1_17' title='bbox 1623 259 1667 299; x_wconf 88' lang='lat'>&amp;</span> <span class='ocrx_word' id='word_1_18' title='bbox 1695 257 1771 298; x_wconf 76' lang='lat' dir='ltr'>ssa-</span> 
     </span>
     <span class='ocr_line' id='line_1_4' title="bbox 331 325 1770 384; baseline -0.007 -9"><span class='ocrx_word' id='word_1_19' title='bbox 331 332 437 375; x_wconf 85' lang='lat' dir='ltr'>mina</span> <span class='ocrx_word' id='word_1_20' title='bbox 469 331 588 384; x_wconf 83' lang='lat' dir='ltr'>pluris</span> <span class='ocrx_word' id='word_1_21' title='bbox 617 330 803 371; x_wconf 85' lang='lat' dir='ltr'>aestimata</span> <span class='ocrx_word' id='word_1_22' title='bbox 823 328 1006 368; x_wconf 90' lang='lat' dir='ltr'>meliores</span> <span class='ocrx_word' id='word_1_23' title='bbox 1038 328 1254 368; x_wconf 71' lang='lat' dir='ltr'>exhibuere</span> <span class='ocrx_word' id='word_1_24' title='bbox 1279 341 1393 370; x_wconf 87' lang='lat' dir='ltr'>notas</span> <span class='ocrx_word' id='word_1_25' title='bbox 1413 341 1509 382; x_wconf 80' lang='lat' dir='ltr'>quas</span> <span class='ocrx_word' id='word_1_26' title='bbox 1529 327 1712 368; x_wconf 85' lang='lat' dir='ltr'>Linnaeus</span> <span class='ocrx_word' id='word_1_27' title='bbox 1730 325 1770 365; x_wconf 89' lang='lat' dir='ltr'>in</span> 
     </span>
     <span class='ocr_line' id='line_1_5' title="bbox 332 393 1771 451; baseline -0.005 -12"><span class='ocrx_word' id='word_1_28' title='bbox 332 399 536 451; x_wconf 85' lang='lat' dir='ltr'>genericas</span> <span class='ocrx_word' id='word_1_29' title='bbox 563 398 654 450; x_wconf 79' lang='lat' dir='ltr'>apte</span> <span class='ocrx_word' id='word_1_30' title='bbox 681 395 915 449; x_wconf 86' lang='lat' dir='ltr'><strong>composuit.</strong></span> <span class='ocrx_word' id='word_1_31' title='bbox 943 395 1123 435; x_wconf 64' lang='lat' dir='ltr'>Adauao</span> <span class='ocrx_word' id='word_1_32' title='bbox 1153 394 1204 434; x_wconf 86' lang='lat' dir='ltr'>fic</span> <span class='ocrx_word' id='word_1_33' title='bbox 1236 396 1337 435; x_wconf 73' lang='lat' dir='ltr'>intra</span> <span class='ocrx_word' id='word_1_34' title='bbox 1367 396 1507 437; x_wconf 85' lang='lat' dir='ltr'>florem</span> <span class='ocrx_word' id='word_1_35' title='bbox 1531 393 1771 435; x_wconf 58' lang='lat' dir='ltr'>caranerum</span> 
     </span>
     <span class='ocr_line' id='line_1_6' title="bbox 333 461 1773 519; baseline -0.004 -14"><span class='ocrx_word' id='word_1_36' title='bbox 333 465 606 519; x_wconf 89' lang='lat' dir='ltr'>genericorum</span> <span class='ocrx_word' id='word_1_37' title='bbox 643 476 808 503; x_wconf 90' lang='lat' dir='ltr'>numero</span> <span class='ocrx_word' id='word_1_38' title='bbox 827 493 838 510; x_wconf 89' lang='lat'><em>‚</em></span> <span class='ocrx_word' id='word_1_39' title='bbox 867 474 938 502; x_wconf 89' lang='lat' dir='ltr'>eos</span> <span class='ocrx_word' id='word_1_40' title='bbox 966 475 1104 502; x_wconf 86' lang='lat' dir='ltr'>omnes</span> <span class='ocrx_word' id='word_1_41' title='bbox 1137 475 1186 502; x_wconf 83' lang='lat' dir='ltr'>ex</span> <span class='ocrx_word' id='word_1_42' title='bbox 1217 462 1544 511; x_wconf 71' lang='lat' dir='ltr'>frufflficatione,</span> <span class='ocrx_word' id='word_1_43' title='bbox 1567 461 1700 501; x_wconf 88' lang='lat' dir='ltr'>nullos</span> <span class='ocrx_word' id='word_1_44' title='bbox 1721 472 1773 500; x_wconf 81' lang='lat' dir='ltr'>ex</span> 
     </span>
     <span class='ocr_line' id='line_1_7' title="bbox 331 527 1772 584; baseline -0.003 -13"><span class='ocrx_word' id='word_1_45' title='bbox 331 532 487 572; x_wconf 84' lang='lat' dir='ltr'>caeteris</span> <span class='ocrx_word' id='word_1_46' title='bbox 502 531 679 584; x_wconf 86' lang='lat' dir='ltr'>partibus</span> <span class='ocrx_word' id='word_1_47' title='bbox 699 528 895 569; x_wconf 89' lang='lat' dir='ltr'>eruendos</span> <span class='ocrx_word' id='word_1_48' title='bbox 909 528 982 569; x_wconf 85' lang='lat' dir='ltr'>effe</span> <span class='ocrx_word' id='word_1_49' title='bbox 999 529 1165 568; x_wconf 86' lang='lat' dir='ltr'>sancivit</span> <span class='ocrx_word' id='word_1_50' title='bbox 1181 528 1472 582; x_wconf 76' lang='lat' dir='ltr'>circumscripta</span> <span class='ocrx_word' id='word_1_51' title='bbox 1490 527 1772 569; x_wconf 70' lang='lat' dir='ltr'>antecessorum</span> 
     </span>
     <span class='ocr_line' id='line_1_8' title="bbox 334 593 1775 649; baseline 0 -14"><span class='ocrx_word' id='word_1_52' title='bbox 334 597 430 649; x_wconf 84' lang='lat' dir='ltr'>lege.</span> <span class='ocrx_word' id='word_1_53' title='bbox 470 596 705 637; x_wconf 73' lang='lat' dir='ltr'>secundaria</span> <span class='ocrx_word' id='word_1_54' title='bbox 741 596 860 647; x_wconf 80' lang='lat' dir='ltr'>igitur</span> <span class='ocrx_word' id='word_1_55' title='bbox 897 595 1079 648; x_wconf 82' lang='lat' dir='ltr'><strong>rejiciens</strong></span> <span class='ocrx_word' id='word_1_56' title='bbox 1113 593 1390 635; x_wconf 89' lang='lat' dir='ltr'>Tournefortii</span> <span class='ocrx_word' id='word_1_57' title='bbox 1427 606 1569 647; x_wconf 85' lang='lat' dir='ltr'>genera</span> <span class='ocrx_word' id='word_1_58' title='bbox 1585 624 1598 643; x_wconf 87' lang='lat'>‚</span> <span class='ocrx_word' id='word_1_59' title='bbox 1632 603 1775 635; x_wconf 76' lang='lat' dir='ltr'>caetera</span> 
     </span>
     <span class='ocr_line' id='line_1_9' title="bbox 336 660 1774 717; baseline -0.001 -14"><span class='ocrx_word' id='word_1_60' title='bbox 336 666 467 704; x_wconf 86' lang='lat' dir='ltr'>omnia</span> <span class='ocrx_word' id='word_1_61' title='bbox 493 664 683 704; x_wconf 86' lang='lat' dir='ltr'>recudens</span> <span class='ocrx_word' id='word_1_62' title='bbox 700 693 713 709; x_wconf 92' lang='lat'>‚</span> <span class='ocrx_word' id='word_1_63' title='bbox 739 664 857 704; x_wconf 88' lang='lat' dir='ltr'>utiles</span> <span class='ocrx_word' id='word_1_64' title='bbox 881 665 1095 717; x_wconf 91' lang='lat' dir='ltr'>unicuique</span> <span class='ocrx_word' id='word_1_65' title='bbox 1119 663 1322 704; x_wconf 81' lang='lat' dir='ltr'>staminum</span> <span class='ocrx_word' id='word_1_66' title='bbox 1349 664 1388 702; x_wconf 78' lang='grc' dir='ltr'>δι</span> <span class='ocrx_word' id='word_1_67' title='bbox 1413 662 1544 715; x_wconf 86' lang='lat' dir='ltr'>pistilli</span> <span class='ocrx_word' id='word_1_68' title='bbox 1566 672 1681 702; x_wconf 84' lang='lat' dir='ltr'>notas</span> <span class='ocrx_word' id='word_1_69' title='bbox 1703 660 1774 701; x_wconf 85' lang='lat' dir='ltr'>ad-</span> 
     </span>
     <span class='ocr_line' id='line_1_10' title="bbox 336 718 1794 785; baseline -0.002 -15"><span class='ocrx_word' id='word_1_70' title='bbox 336 732 434 770; x_wconf 82' lang='lat' dir='ltr'>didit</span> <span class='ocrx_word' id='word_1_71' title='bbox 448 763 458 779; x_wconf 94' lang='lat'>,</span> <span class='ocrx_word' id='word_1_72' title='bbox 487 731 691 770; x_wconf 87' lang='lat' dir='ltr'>nonnullas</span> <span class='ocrx_word' id='word_1_73' title='bbox 719 731 877 785; x_wconf 85' lang='lat' dir='ltr'>insuper</span> <span class='ocrx_word' id='word_1_74' title='bbox 893 745 942 771; x_wconf 85' lang='lat' dir='ltr'>ex</span> <span class='ocrx_word' id='word_1_75' title='bbox 969 718 1090 771; x_wconf 73' lang='lat' dir='ltr'>calice</span> <span class='ocrx_word' id='word_1_76' title='bbox 1106 731 1146 771; x_wconf 87' lang='lat'>&amp;</span> <span class='ocrx_word' id='word_1_77' title='bbox 1163 730 1316 771; x_wconf 79' lang='lat' dir='ltr'>corolla</span> <span class='ocrx_word' id='word_1_78' title='bbox 1334 730 1374 769; x_wconf 85' lang='lat'>&amp;</span> <span class='ocrx_word' id='word_1_79' title='bbox 1394 729 1520 770; x_wconf 69' lang='lat' dir='ltr'>fruElu</span> <span class='ocrx_word' id='word_1_80' title='bbox 1535 722 1794 782; x_wconf 56' lang='lat' dir='ltr'>deprompsit⁴</span> 
     </span>
     <span class='ocr_line' id='line_1_11' title="bbox 334 793 1775 853; baseline -0.002 -16"><span class='ocrx_word' id='word_1_81' title='bbox 334 798 506 837; x_wconf 73' lang='lat' dir='ltr'>anterius</span> <span class='ocrx_word' id='word_1_82' title='bbox 526 798 820 851; x_wconf 67' lang='lat' dir='ltr'>praetermissas,</span> <span class='ocrx_word' id='word_1_83' title='bbox 845 799 886 839; x_wconf 85' lang='lat'>&amp;</span> <span class='ocrx_word' id='word_1_84' title='bbox 912 800 1122 839; x_wconf 80' lang='lat' dir='ltr'>ordinatim</span> <span class='ocrx_word' id='word_1_85' title='bbox 1147 798 1342 853; x_wconf 81' lang='lat' dir='ltr'>perpensis</span> <span class='ocrx_word' id='word_1_86' title='bbox 1368 798 1533 850; x_wconf 83' lang='lat' dir='ltr'>partium</span> <span class='ocrx_word' id='word_1_87' title='bbox 1551 793 1775 836; x_wconf 80' lang='lat' dir='ltr'>numero&amp;</span> 
     </span>
     <span class='ocr_line' id='line_1_12' title="bbox 335 863 1775 918; baseline 0.001 -16"><span class='ocrx_word' id='word_1_88' title='bbox 335 863 461 915; x_wconf 72' lang='lat' dir='ltr'>figura</span> <span class='ocrx_word' id='word_1_89' title='bbox 484 864 521 902; x_wconf 70' lang='grc' dir='ltr'>ἃ</span> <span class='ocrx_word' id='word_1_90' title='bbox 543 865 807 917; x_wconf 79' lang='lat' dir='ltr'>proportione</span> <span class='ocrx_word' id='word_1_91' title='bbox 835 866 874 905; x_wconf 76' lang='grc' dir='ltr'>δι</span> <span class='ocrx_word' id='word_1_92' title='bbox 896 865 992 912; x_wconf 75' lang='lat' dir='ltr'>situ,</span> <span class='ocrx_word' id='word_1_93' title='bbox 1010 864 1229 918; x_wconf 81' lang='lat' dir='ltr'>protensam</span> <span class='ocrx_word' id='word_1_94' title='bbox 1246 863 1564 916; x_wconf 86' lang='lat' dir='ltr'>uniformemque</span> <span class='ocrx_word' id='word_1_95' title='bbox 1584 872 1775 915; x_wconf 83' lang='lat' dir='ltr'>generum</span> 
     </span>
     <span class='ocr_line' id='line_1_13' title="bbox 332 931 1778 984; baseline -0.002 -15"><span class='ocrx_word' id='word_1_96' title='bbox 332 941 415 969; x_wconf 76' lang='lat' dir='ltr'>tum</span> <span class='ocrx_word' id='word_1_97' title='bbox 428 943 631 971; x_wconf 90' lang='lat' dir='ltr'>novorum</span> <span class='ocrx_word' id='word_1_98' title='bbox 649 942 730 971; x_wconf 88' lang='lat' dir='ltr'>tum</span> <span class='ocrx_word' id='word_1_99' title='bbox 752 932 1057 972; x_wconf 87' lang='lat' dir='ltr'>reformatorum</span> <span class='ocrx_word' id='word_1_100' title='bbox 1071 932 1207 971; x_wconf 90' lang='lat' dir='ltr'>seriem</span> <span class='ocrx_word' id='word_1_101' title='bbox 1221 962 1232 980; x_wconf 94' lang='lat'>,</span> <span class='ocrx_word' id='word_1_102' title='bbox 1246 943 1393 984; x_wconf 80' lang='lat' dir='ltr'>gratam</span> <span class='ocrx_word' id='word_1_103' title='bbox 1409 931 1609 971; x_wconf 86' lang='lat' dir='ltr'>Botanicis</span> <span class='ocrx_word' id='word_1_104' title='bbox 1625 941 1670 969; x_wconf 83' lang='lat' dir='ltr'>ac</span> <span class='ocrx_word' id='word_1_105' title='bbox 1686 941 1778 970; x_wconf 58' lang='lat' dir='ltr'>om,</span> 
     </span>
     <span class='ocr_line' id='line_1_14' title="bbox 332 998 1154 1053; baseline 0.005 -17"><span class='ocrx_word' id='word_1_106' title='bbox 332 998 450 1038; x_wconf 81' lang='lat' dir='ltr'>nibus</span> <span class='ocrx_word' id='word_1_107' title='bbox 479 998 560 1039; x_wconf 78' lang='lat' dir='ltr'>fere</span> <span class='ocrx_word' id='word_1_108' title='bbox 587 1012 688 1039; x_wconf 89' lang='lat' dir='ltr'>nunc</span> <span class='ocrx_word' id='word_1_109' title='bbox 715 1012 914 1053; x_wconf 78' lang='lat' dir='ltr'>acceptam</span> <span class='ocrx_word' id='word_1_110' title='bbox 942 1001 1154 1040; x_wconf 86' lang='lat' dir='ltr'>constituit.</span> 
     </span>
    </p>

    <p class='ocr_par' dir='ltr' id='par_1_3' title="bbox 329 1064 1780 1322">
     <span class='ocr_line' id='line_1_15' title="bbox 385 1064 1776 1121; baseline -0.001 -16"><span class='ocrx_word' id='word_1_111' title='bbox 385 1066 440 1105; x_wconf 87' lang='lat' dir='ltr'>Ea</span> <span class='ocrx_word' id='word_1_112' title='bbox 471 1068 664 1118; x_wconf 78' lang='lat' dir='ltr'>genericae</span> <span class='ocrx_word' id='word_1_113' title='bbox 695 1067 992 1107; x_wconf 60' lang='lat' dir='ltr'>construetionis</span> <span class='ocrx_word' id='word_1_114' title='bbox 1026 1081 1164 1108; x_wconf 88' lang='lat' dir='ltr'>norma</span> <span class='ocrx_word' id='word_1_115' title='bbox 1195 1067 1233 1107; x_wconf 91' lang='lat' dir='ltr'>in</span> <span class='ocrx_word' id='word_1_116' title='bbox 1263 1068 1443 1121; x_wconf 86' lang='lat' dir='ltr'>praesenti</span> <span class='ocrx_word' id='word_1_117' title='bbox 1476 1065 1642 1107; x_wconf 73' lang='lat' dir='ltr'>scientia:</span> <span class='ocrx_word' id='word_1_118' title='bbox 1674 1064 1776 1105; x_wconf 84' lang='lat' dir='ltr'>statu</span> 
     </span>
     <span class='ocr_line' id='line_1_16' title="bbox 331 1132 1777 1185; baseline -0.001 -12"><span class='ocrx_word' id='word_1_119' title='bbox 331 1132 466 1178; x_wconf 84' lang='lat' dir='ltr'>utilis,</span> <span class='ocrx_word' id='word_1_120' title='bbox 494 1135 700 1174; x_wconf 87' lang='lat' dir='ltr'>arbitraria</span> <span class='ocrx_word' id='word_1_121' title='bbox 726 1146 855 1175; x_wconf 84' lang='lat' dir='ltr'>tamen</span> <span class='ocrx_word' id='word_1_122' title='bbox 887 1135 1044 1176; x_wconf 88' lang='lat' dir='ltr'>videtur</span> <span class='ocrx_word' id='word_1_123' title='bbox 1069 1137 1110 1176; x_wconf 89' lang='lat'>&amp;</span> <span class='ocrx_word' id='word_1_124' title='bbox 1133 1136 1346 1176; x_wconf 75' lang='lat' dir='ltr'>etiamnum</span> <span class='ocrx_word' id='word_1_125' title='bbox 1380 1134 1578 1174; x_wconf 77' lang='lat' dir='ltr'>indefinita</span> <span class='ocrx_word' id='word_1_126' title='bbox 1606 1132 1777 1185; x_wconf 77' lang='lat' dir='ltr'>ideoque</span> 
     </span>
     <span class='ocr_line' id='line_1_17' title="bbox 330 1200 1780 1253; baseline 0 -13"><span class='ocrx_word' id='word_1_127' title='bbox 330 1201 505 1241; x_wconf 78' lang='lat' dir='ltr'>nondum</span> <span class='ocrx_word' id='word_1_128' title='bbox 521 1202 729 1253; x_wconf 87' lang='lat' dir='ltr'>generibus</span> <span class='ocrx_word' id='word_1_129' title='bbox 743 1203 839 1243; x_wconf 79' lang='lat' dir='ltr'>vere</span> <span class='ocrx_word' id='word_1_130' title='bbox 857 1204 1096 1243; x_wconf 84' lang='lat' dir='ltr'>naturalibus</span> <span class='ocrx_word' id='word_1_131' title='bbox 1111 1204 1367 1243; x_wconf 86' lang='lat' dir='ltr'>conficiendis</span> <span class='ocrx_word' id='word_1_132' title='bbox 1384 1203 1548 1243; x_wconf 75' lang='lat' dir='ltr'>omnino</span> <span class='ocrx_word' id='word_1_133' title='bbox 1559 1200 1780 1248; x_wconf 85' lang='lat' dir='ltr'>sufficiens,</span> 
     </span>
     <span class='ocr_line' id='line_1_18' title="bbox 329 1265 1779 1322; baseline 0.001 -14"><span class='ocrx_word' id='word_1_134' title='bbox 329 1269 626 1310; x_wconf 85' lang='lat' dir='ltr'>contradicente</span> <span class='ocrx_word' id='word_1_135' title='bbox 648 1268 811 1309; x_wconf 86' lang='lat' dir='ltr'>Linnaeo</span> <span class='ocrx_word' id='word_1_136' title='bbox 830 1270 896 1322; x_wconf 89' lang='lat' dir='ltr'>qui</span> <span class='ocrx_word' id='word_1_137' title='bbox 914 1270 999 1310; x_wconf 86' lang='lat' dir='ltr'>suas</span> <span class='ocrx_word' id='word_1_138' title='bbox 1015 1283 1202 1322; x_wconf 84' lang='lat' dir='ltr'>generum</span> <span class='ocrx_word' id='word_1_139' title='bbox 1217 1270 1383 1310; x_wconf 83' lang='lat' dir='ltr'>caesuras</span> <span class='ocrx_word' id='word_1_140' title='bbox 1404 1269 1555 1322; x_wconf 66' lang='lat' dir='ltr'>semper</span> <span class='ocrx_word' id='word_1_141' title='bbox 1579 1265 1779 1310; x_wconf 76' lang='lat' dir='ltr'>naturales</span> 
     </span>
    </p>
   </div>
   <div class='ocr_carea' id='block_1_2' title="bbox 329 1334 1842 1391">
    <p class='ocr_par' dir='ltr' id='par_1_4' title="bbox 329 1334 1842 1391">
     <span class='ocr_line' id='line_1_19' title="bbox 329 1334 1842 1391; baseline 0.001 -17"><span class='ocrx_word' id='word_1_142' title='bbox 329 1334 479 1386; x_wconf 86' lang='lat' dir='ltr'>judicat</span> <span class='ocrx_word' id='word_1_143' title='bbox 515 1336 556 1376; x_wconf 85' lang='lat'>&amp;</span> <span class='ocrx_word' id='word_1_144' title='bbox 591 1337 752 1376; x_wconf 81' lang='lat' dir='ltr'>cuilibet</span> <span class='ocrx_word' id='word_1_145' title='bbox 784 1337 1026 1376; x_wconf 85' lang='lat' dir='ltr'>ordinationi</span> <span class='ocrx_word' id='word_1_146' title='bbox 1061 1337 1175 1378; x_wconf 78' lang='lat' dir='ltr'>facile</span> <span class='ocrx_word' id='word_1_147' title='bbox 1212 1337 1579 1377; x_wconf 85' lang='lat' dir='ltr'>accommodandas.</span> <span class='ocrx_word' id='word_1_148' title='bbox 1614 1335 1794 1391; x_wconf 33' lang='lat' dir='ltr'>Dantur--</span> <span class='ocrx_word' id='word_1_149' title='bbox 1832 1356 1842 1381; x_wconf 65' lang='lat'>;</span> 
     </span>
    </p>
   </div>
   <div class='ocr_carea' id='block_1_3' title="bbox 87 1400 1777 2667">
    <p class='ocr_par' dir='ltr' id='par_1_5' title="bbox 87 1400 1777 2667">
     <span class='ocr_line' id='line_1_20' title="bbox 329 1400 1776 1457; baseline 0.001 -17"><span class='ocrx_word' id='word_1_150' title='bbox 329 1400 434 1440; x_wconf 88' lang='lat' dir='ltr'>enim</span> <span class='ocrx_word' id='word_1_151' title='bbox 450 1400 488 1438; x_wconf 90' lang='lat' dir='ltr'>in</span> <span class='ocrx_word' id='word_1_152' title='bbox 521 1400 821 1442; x_wconf 65' lang='lat' dir='ltr'>fructificatione</span> <span class='ocrx_word' id='word_1_153' title='bbox 839 1415 967 1455; x_wconf 87' lang='lat' dir='ltr'>partes</span> <span class='ocrx_word' id='word_1_154' title='bbox 985 1415 1029 1442; x_wconf 86' lang='lat' dir='ltr'>ac</span> <span class='ocrx_word' id='word_1_155' title='bbox 1054 1405 1226 1443; x_wconf 86' lang='lat' dir='ltr'>rationes</span> <span class='ocrx_word' id='word_1_156' title='bbox 1245 1405 1330 1444; x_wconf 81' lang='lat' dir='ltr'>aliae</span> <span class='ocrx_word' id='word_1_157' title='bbox 1353 1404 1439 1442; x_wconf 86' lang='lat' dir='ltr'>aliis</span> <span class='ocrx_word' id='word_1_158' title='bbox 1461 1401 1776 1457; x_wconf 75' lang='lat' dir='ltr'>praestantiores,</span> 
     </span>
     <span class='ocr_line' id='line_1_21' title="bbox 332 1466 1774 1523; baseline 0.002 -18"><span class='ocrx_word' id='word_1_159' title='bbox 332 1466 374 1506; x_wconf 74' lang='grc' dir='ltr'>δι</span> <span class='ocrx_word' id='word_1_160' title='bbox 412 1467 574 1506; x_wconf 74' lang='lat' dir='ltr'>subinde</span> <span class='ocrx_word' id='word_1_161' title='bbox 611 1468 826 1508; x_wconf 56' lang='lat' dir='ltr'>caraneres</span> <span class='ocrx_word' id='word_1_162' title='bbox 859 1469 1047 1522; x_wconf 83' lang='lat' dir='ltr'>dignitate</span> <span class='ocrx_word' id='word_1_163' title='bbox 1081 1470 1319 1523; x_wconf 66' lang='lat' dir='ltr'>inaequales,</span> <span class='ocrx_word' id='word_1_164' title='bbox 1346 1471 1411 1510; x_wconf 84' lang='lat' dir='ltr'>alii</span> <span class='ocrx_word' id='word_1_165' title='bbox 1442 1469 1618 1522; x_wconf 87' lang='lat' dir='ltr'>primarii</span> <span class='ocrx_word' id='word_1_166' title='bbox 1651 1467 1774 1508; x_wconf 88' lang='lat' dir='ltr'>effen-</span> 
     </span>
     <span class='ocr_line' id='line_1_22' title="bbox 330 1533 1776 1590; baseline 0.003 -17"><span class='ocrx_word' id='word_1_167' title='bbox 330 1533 473 1580; x_wconf 83' lang='lat' dir='ltr'>tiales‚</span> <span class='ocrx_word' id='word_1_168' title='bbox 505 1533 571 1572; x_wconf 82' lang='lat' dir='ltr'>alii</span> <span class='ocrx_word' id='word_1_169' title='bbox 605 1535 822 1580; x_wconf 68' lang='lat' dir='ltr'>secundarii</span> <span class='ocrx_word' id='word_1_170' title='bbox 852 1537 1002 1576; x_wconf 76' lang='lat' dir='ltr'>tanturn</span> <span class='ocrx_word' id='word_1_171' title='bbox 1037 1538 1235 1589; x_wconf 86' lang='lat' dir='ltr'>generales</span> <span class='ocrx_word' id='word_1_172' title='bbox 1259 1568 1270 1585; x_wconf 91' lang='lat'>‚</span> <span class='ocrx_word' id='word_1_173' title='bbox 1302 1537 1367 1577; x_wconf 87' lang='lat' dir='ltr'>alii</span> <span class='ocrx_word' id='word_1_174' title='bbox 1398 1536 1524 1577; x_wconf 88' lang='lat' dir='ltr'>infimi</span> <span class='ocrx_word' id='word_1_175' title='bbox 1557 1535 1776 1590; x_wconf 67' lang='lat' dir='ltr'>plurimum</span> 
     </span>
     <span class='ocr_line' id='line_1_23' title="bbox 330 1599 1777 1656; baseline 0.006 -19"><span class='ocrx_word' id='word_1_176' title='bbox 330 1599 623 1648; x_wconf 83' lang='lat' dir='ltr'>inconstantes,</span> <span class='ocrx_word' id='word_1_177' title='bbox 658 1614 737 1641; x_wconf 89' lang='lat' dir='ltr'>non</span> <span class='ocrx_word' id='word_1_178' title='bbox 764 1615 904 1643; x_wconf 87' lang='lat' dir='ltr'>omnes</span> <span class='ocrx_word' id='word_1_179' title='bbox 932 1603 1040 1642; x_wconf 80' lang='lat' dir='ltr'>certe</span> <span class='ocrx_word' id='word_1_180' title='bbox 1078 1604 1270 1656; x_wconf 83' lang='lat' dir='ltr'>genericae</span> <span class='ocrx_word' id='word_1_181' title='bbox 1303 1602 1558 1655; x_wconf 73' lang='lat' dir='ltr'>designationi</span> <span class='ocrx_word' id='word_1_182' title='bbox 1588 1601 1777 1655; x_wconf 54' lang='lat' dir='ltr'>peraeque</span> 
     </span>
     <span class='ocr_line' id='line_1_24' title="bbox 332 1665 1777 1723; baseline 0.004 -19"><span class='ocrx_word' id='word_1_183' title='bbox 332 1665 666 1720; x_wconf 77' lang='lat' dir='ltr'>idoneiQuidam</span> <span class='ocrx_word' id='word_1_184' title='bbox 693 1668 849 1721; x_wconf 88' lang='lat' dir='ltr'>insuper</span> <span class='ocrx_word' id='word_1_185' title='bbox 874 1671 985 1710; x_wconf 77' lang='lat' dir='ltr'>extra</span> <span class='ocrx_word' id='word_1_186' title='bbox 998 1670 1333 1711; x_wconf 55' lang='lat' dir='ltr'>fructificationem</span> <span class='ocrx_word' id='word_1_187' title='bbox 1357 1670 1612 1723; x_wconf 82' lang='lat' dir='ltr'>sparguntur,</span> <span class='ocrx_word' id='word_1_188' title='bbox 1628 1680 1777 1721; x_wconf 83' lang='lat' dir='ltr'>praece·</span> 
     </span>
     <span class='ocr_line' id='line_1_25' title="bbox 332 1732 1777 1792; baseline 0.003 -21"><span class='ocrx_word' id='word_1_189' title='bbox 332 1732 512 1773; x_wconf 86' lang='lat' dir='ltr'>dentibus</span> <span class='ocrx_word' id='word_1_190' title='bbox 543 1735 688 1774; x_wconf 85' lang='lat' dir='ltr'>infimis</span> <span class='ocrx_word' id='word_1_191' title='bbox 719 1737 943 1788; x_wconf 84' lang='lat' dir='ltr'>digniores,</span> <span class='ocrx_word' id='word_1_192' title='bbox 973 1738 1020 1777; x_wconf 85' lang='lat' dir='ltr'>iis</span> <span class='ocrx_word' id='word_1_193' title='bbox 1055 1739 1171 1791; x_wconf 78' lang='lat' dir='ltr'>longe</span> <span class='ocrx_word' id='word_1_194' title='bbox 1204 1738 1457 1792; x_wconf 85' lang='lat' dir='ltr'>praeponendi</span> <span class='ocrx_word' id='word_1_195' title='bbox 1483 1769 1495 1787; x_wconf 93' lang='lat'>‚</span> <span class='ocrx_word' id='word_1_196' title='bbox 1527 1737 1777 1791; x_wconf 85' lang='lat' dir='ltr'>generalibus</span> 
     </span>
     <span class='ocr_line' id='line_1_26' title="bbox 332 1798 1776 1857; baseline 0.004 -19"><span class='ocrx_word' id='word_1_197' title='bbox 332 1798 529 1840; x_wconf 76' lang='lat' dir='ltr'>interdum</span> <span class='ocrx_word' id='word_1_198' title='bbox 565 1803 813 1855; x_wconf 76' lang='lat' dir='ltr'>coaequales,</span> <span class='ocrx_word' id='word_1_199' title='bbox 849 1806 992 1857; x_wconf 83' lang='lat' dir='ltr'>partim</span> <span class='ocrx_word' id='word_1_200' title='bbox 1021 1804 1134 1845; x_wconf 77' lang='lat' dir='ltr'>refusi</span> <span class='ocrx_word' id='word_1_201' title='bbox 1164 1806 1202 1846; x_wconf 91' lang='lat' dir='ltr'>in</span> <span class='ocrx_word' id='word_1_202' title='bbox 1234 1805 1472 1846; x_wconf 87' lang='lat' dir='ltr'>secundariis</span> <span class='ocrx_word' id='word_1_203' title='bbox 1497 1804 1776 1845; x_wconf 83' lang='lat' dir='ltr'>Tournefortii</span> 
     </span>
     <span class='ocr_line' id='line_1_27' title="bbox 331 1868 1774 1926; baseline 0.006 -21"><span class='ocrx_word' id='word_1_204' title='bbox 331 1868 568 1918; x_wconf 85' lang='lat' dir='ltr'>generibus,</span> <span class='ocrx_word' id='word_1_205' title='bbox 598 1870 637 1907; x_wconf 89' lang='lat' dir='ltr'>in</span> <span class='ocrx_word' id='word_1_206' title='bbox 666 1870 751 1909; x_wconf 87' lang='lat' dir='ltr'>aliis</span> <span class='ocrx_word' id='word_1_207' title='bbox 786 1872 885 1911; x_wconf 68' lang='lat' dir='ltr'>vere</span> <span class='ocrx_word' id='word_1_208' title='bbox 918 1873 1161 1913; x_wconf 81' lang='lat' dir='ltr'>naturalibus</span> <span class='ocrx_word' id='word_1_209' title='bbox 1191 1873 1295 1926; x_wconf 74' lang='lat' dir='ltr'>saepe</span> <span class='ocrx_word' id='word_1_210' title='bbox 1322 1873 1574 1918; x_wconf 88' lang='lat' dir='ltr'>conformes,</span> <span class='ocrx_word' id='word_1_211' title='bbox 1611 1873 1651 1912; x_wconf 86' lang='lat' dir='ltr'>in</span> <span class='ocrx_word' id='word_1_212' title='bbox 1682 1871 1774 1924; x_wconf 84' lang='lat' dir='ltr'>ipfis</span> 
     </span>
     <span class='ocr_line' id='line_1_28' title="bbox 333 1933 1774 1992; baseline 0.006 -21"><span class='ocrx_word' id='word_1_213' title='bbox 333 1933 538 1974; x_wconf 87' lang='lat' dir='ltr'>ordinibus</span> <span class='ocrx_word' id='word_1_214' title='bbox 564 1935 792 1976; x_wconf 87' lang='lat' dir='ltr'>definiendis</span> <span class='ocrx_word' id='word_1_215' title='bbox 815 1941 1097 1992; x_wconf 73' lang='lat' dir='ltr'>nonnunquam</span> <span class='ocrx_word' id='word_1_216' title='bbox 1120 1940 1321 1991; x_wconf 86' lang='lat' dir='ltr'>adjutores</span> <span class='ocrx_word' id='word_1_217' title='bbox 1347 1940 1388 1980; x_wconf 89' lang='lat'>&amp;</span> <span class='ocrx_word' id='word_1_218' title='bbox 1408 1940 1497 1980; x_wconf 75' lang='lat' dir='ltr'>ideo</span> <span class='ocrx_word' id='word_1_219' title='bbox 1522 1951 1599 1980; x_wconf 90' lang='lat' dir='ltr'>non</span> <span class='ocrx_word' id='word_1_220' title='bbox 1617 1938 1774 1988; x_wconf 75' lang='lat' dir='ltr'>medio-</span> 
     </span>
     <span class='ocr_line' id='line_1_29' title="bbox 331 2000 1773 2059; baseline 0.004 -20"><span class='ocrx_word' id='word_1_221' title='bbox 331 2011 419 2040; x_wconf 87' lang='lat' dir='ltr'>cres</span> <span class='ocrx_word' id='word_1_222' title='bbox 440 2001 480 2039; x_wconf 92' lang='lat' dir='ltr'>in</span> <span class='ocrx_word' id='word_1_223' title='bbox 501 2000 569 2040; x_wconf 85' lang='lat' dir='ltr'>usu</span> <span class='ocrx_word' id='word_1_224' title='bbox 589 2001 788 2043; x_wconf 86' lang='lat' dir='ltr'>botanico.</span> <span class='ocrx_word' id='word_1_225' title='bbox 803 2004 974 2044; x_wconf 72' lang='lat' dir='ltr'>Faffltiae</span> <span class='ocrx_word' id='word_1_226' title='bbox 991 2006 1108 2058; x_wconf 82' lang='lat' dir='ltr'>igitur</span> <span class='ocrx_word' id='word_1_227' title='bbox 1126 2007 1212 2046; x_wconf 89' lang='lat' dir='ltr'>sunt</span> <span class='ocrx_word' id='word_1_228' title='bbox 1228 2007 1372 2059; x_wconf 84' lang='lat' dir='ltr'>regulae</span> <span class='ocrx_word' id='word_1_229' title='bbox 1396 2007 1615 2046; x_wconf 84' lang='lat' dir='ltr'>Linnaeanae</span> <span class='ocrx_word' id='word_1_230' title='bbox 1635 2017 1773 2045; x_wconf 85' lang='lat' dir='ltr'>carac-</span> 
     </span>
     <span class='ocr_line' id='line_1_30' title="bbox 329 2068 1771 2126; baseline 0.005 -20"><span class='ocrx_word' id='word_1_231' title='bbox 329 2077 458 2107; x_wconf 85' lang='lat' dir='ltr'>terum</span> <span class='ocrx_word' id='word_1_232' title='bbox 484 2068 678 2108; x_wconf 83' lang='lat' dir='ltr'>floralium</span> <span class='ocrx_word' id='word_1_233' title='bbox 699 2070 961 2123; x_wconf 84' lang='lat' dir='ltr'>inaequalitem</span> <span class='ocrx_word' id='word_1_234' title='bbox 987 2073 1028 2113; x_wconf 63' lang='lat'>64</span> <span class='ocrx_word' id='word_1_235' title='bbox 1053 2074 1379 2114; x_wconf 78' lang='lat' dir='ltr'>extra-floralium</span> <span class='ocrx_word' id='word_1_236' title='bbox 1404 2073 1665 2126; x_wconf 83' lang='lat' dir='ltr'>quorumdam</span> <span class='ocrx_word' id='word_1_237' title='bbox 1685 2072 1771 2113; x_wconf 90' lang='lat' dir='ltr'>vim</span> 
     </span>
     <span class='ocr_line' id='line_1_31' title="bbox 329 2137 1772 2193; baseline 0.004 -19"><span class='ocrx_word' id='word_1_238' title='bbox 329 2147 409 2175; x_wconf 91' lang='lat' dir='ltr'>non</span> <span class='ocrx_word' id='word_1_239' title='bbox 426 2137 687 2188; x_wconf 84' lang='lat' dir='ltr'>exprimentes</span> <span class='ocrx_word' id='word_1_240' title='bbox 705 2152 717 2185; x_wconf 89' lang='lat'>;</span> <span class='ocrx_word' id='word_1_241' title='bbox 734 2138 796 2179; x_wconf 87' lang='lat' dir='ltr'>sed</span> <span class='ocrx_word' id='word_1_242' title='bbox 817 2140 838 2178; x_wconf 81' lang='lat' dir='ltr'>a</span> <span class='ocrx_word' id='word_1_243' title='bbox 857 2140 1097 2180; x_wconf 86' lang='lat' dir='ltr'>naturalibus</span> <span class='ocrx_word' id='word_1_244' title='bbox 1114 2141 1251 2193; x_wconf 73' lang='lat' dir='ltr'>parum</span> <span class='ocrx_word' id='word_1_245' title='bbox 1269 2139 1402 2180; x_wconf 79' lang='lat' dir='ltr'>diffitae</span> <span class='ocrx_word' id='word_1_246' title='bbox 1424 2152 1567 2193; x_wconf 86' lang='lat' dir='ltr'>genera</span> <span class='ocrx_word' id='word_1_247' title='bbox 1584 2141 1772 2180; x_wconf 83' lang='lat' dir='ltr'>exhibent</span> 
     </span>
     <span class='ocr_line' id='line_1_32' title="bbox 329 2203 1772 2262; baseline 0.005 -19"><span class='ocrx_word' id='word_1_248' title='bbox 329 2203 676 2245; x_wconf 85' lang='lat' dir='ltr'>Tourncfortianis</span> <span class='ocrx_word' id='word_1_249' title='bbox 685 2207 966 2259; x_wconf 69' lang='lat' dir='ltr'>praestantiora,</span> <span class='ocrx_word' id='word_1_250' title='bbox 979 2209 1147 2261; x_wconf 74' lang='lat' dir='ltr'>plurima</span> <span class='ocrx_word' id='word_1_251' title='bbox 1158 2208 1308 2261; x_wconf 89' lang='lat' dir='ltr'>semper</span> <span class='ocrx_word' id='word_1_252' title='bbox 1319 2209 1570 2257; x_wconf 86' lang='lat' dir='ltr'>admittenda,</span> <span class='ocrx_word' id='word_1_253' title='bbox 1583 2208 1772 2262; x_wconf 84' lang='lat' dir='ltr'>pauciora</span> 
     </span>
     <span class='ocr_line' id='line_1_33' title="bbox 326 2269 1769 2331; baseline 0.007 -24"><span class='ocrx_word' id='word_1_254' title='bbox 326 2269 572 2312; x_wconf 87' lang='lat' dir='ltr'>reformanda</span> <span class='ocrx_word' id='word_1_255' title='bbox 589 2305 599 2321; x_wconf 90' lang='lat'><strong>‚</strong></span> <span class='ocrx_word' id='word_1_256' title='bbox 621 2286 709 2328; x_wconf 75' lang='lat' dir='ltr'>quae</span> <span class='ocrx_word' id='word_1_257' title='bbox 726 2273 834 2314; x_wconf 86' lang='lat' dir='ltr'>fimul</span> <span class='ocrx_word' id='word_1_258' title='bbox 853 2276 988 2315; x_wconf 89' lang='lat' dir='ltr'>utilem</span> <span class='ocrx_word' id='word_1_259' title='bbox 1010 2276 1048 2316; x_wconf 89' lang='lat' dir='ltr'>in</span> <span class='ocrx_word' id='word_1_260' title='bbox 1072 2275 1231 2316; x_wconf 74' lang='lat' dir='ltr'>scientia</span> <span class='ocrx_word' id='word_1_261' title='bbox 1254 2277 1372 2316; x_wconf 82' lang='lat' dir='ltr'>basim</span> <span class='ocrx_word' id='word_1_262' title='bbox 1389 2290 1493 2316; x_wconf 90' lang='lat' dir='ltr'>nunc</span> <span class='ocrx_word' id='word_1_263' title='bbox 1509 2276 1769 2331; x_wconf 80' lang='lat' dir='ltr'>suppeditant.</span> 
     </span>
     <span class='ocr_line' id='line_1_34' title="bbox 107 2337 1767 2397; baseline 0.004 -20"><span class='ocrx_word' id='word_1_264' title='bbox 107 2345 299 2384; x_wconf 60' lang='lat' dir='ltr'>Nom-guela—</span> <span class='ocrx_word' id='word_1_265' title='bbox 377 2337 558 2390; x_wconf 83' lang='lat' dir='ltr'>Cognitis</span> <span class='ocrx_word' id='word_1_266' title='bbox 587 2341 823 2382; x_wconf 64' lang='lat' dir='ltr'>caraaerum</span> <span class='ocrx_word' id='word_1_267' title='bbox 856 2356 931 2396; x_wconf 89' lang='lat' dir='ltr'>ope</span> <span class='ocrx_word' id='word_1_268' title='bbox 966 2342 1171 2396; x_wconf 84' lang='lat' dir='ltr'>speciebus</span> <span class='ocrx_word' id='word_1_269' title='bbox 1197 2345 1235 2384; x_wconf 73' lang='grc' dir='ltr'>δε</span> <span class='ocrx_word' id='word_1_270' title='bbox 1268 2344 1402 2384; x_wconf 84' lang='lat' dir='ltr'>iisdem</span> <span class='ocrx_word' id='word_1_271' title='bbox 1434 2345 1474 2384; x_wconf 87' lang='lat' dir='ltr'>in</span> <span class='ocrx_word' id='word_1_272' title='bbox 1508 2357 1650 2397; x_wconf 85' lang='lat' dir='ltr'>genera</span> <span class='ocrx_word' id='word_1_273' title='bbox 1680 2344 1767 2384; x_wconf 90' lang='lat' dir='ltr'>col-</span> 
     </span>
     <span class='ocr_line' id='line_1_35' title="bbox 87 2390 1765 2484; baseline 0.005 -40"><span class='ocrx_word' id='word_1_274' title='bbox 87 2395 225 2484; x_wconf 41' lang='grc' dir='ltr'><strong>ἓξὲξ).</strong></span> <span class='ocrx_word' id='word_1_275' title='bbox 244 2390 297 2431; x_wconf 58' lang='lat'>‘¹⁶&#39;</span> <span class='ocrx_word' id='word_1_276' title='bbox 326 2404 456 2460; x_wconf 12' lang='lat' dir='ltr'>lveffis,</span> <span class='ocrx_word' id='word_1_277' title='bbox 478 2406 576 2447; x_wconf 82' lang='lat' dir='ltr'>alius</span> <span class='ocrx_word' id='word_1_278' title='bbox 609 2409 662 2449; x_wconf 88' lang='lat' dir='ltr'>est</span> <span class='ocrx_word' id='word_1_279' title='bbox 695 2410 890 2452; x_wconf 88' lang='lat' dir='ltr'>Botanico</span> <span class='ocrx_word' id='word_1_280' title='bbox 926 2411 1037 2451; x_wconf 85' lang='lat' dir='ltr'>labor</span> <span class='ocrx_word' id='word_1_281' title='bbox 1067 2411 1310 2452; x_wconf 83' lang='lat' dir='ltr'>inchoandus</span> <span class='ocrx_word' id='word_1_282' title='bbox 1328 2444 1339 2461; x_wconf 92' lang='lat'>‚</span> <span class='ocrx_word' id='word_1_283' title='bbox 1369 2411 1510 2464; x_wconf 76' lang='lat' dir='ltr'>nempe</span> <span class='ocrx_word' id='word_1_284' title='bbox 1543 2422 1586 2451; x_wconf 89' lang='lat' dir='ltr'>ut</span> <span class='ocrx_word' id='word_1_285' title='bbox 1621 2423 1765 2463; x_wconf 83' lang='lat' dir='ltr'>genera</span> 
     </span>
     <span class='ocr_line' id='line_1_36' title="bbox 111 2471 1765 2532; baseline 0.004 -22"><span class='ocrx_word' id='word_1_286' title='bbox 111 2471 113 2473; x_wconf 73' lang='grc'><strong>’</strong></span> <span class='ocrx_word' id='word_1_287' title='bbox 322 2471 545 2526; x_wconf 85' lang='lat' dir='ltr'>speciesque</span> <span class='ocrx_word' id='word_1_288' title='bbox 576 2488 669 2528; x_wconf 88' lang='lat' dir='ltr'>apto</span> <span class='ocrx_word' id='word_1_289' title='bbox 696 2477 863 2530; x_wconf 82' lang='lat' dir='ltr'>defignet</span> <span class='ocrx_word' id='word_1_290' title='bbox 890 2478 1050 2519; x_wconf 88' lang='lat' dir='ltr'>nomine</span> <span class='ocrx_word' id='word_1_291' title='bbox 1076 2479 1117 2519; x_wconf 84' lang='lat'>&amp;</span> <span class='ocrx_word' id='word_1_292' title='bbox 1147 2479 1264 2519; x_wconf 71' lang='lat' dir='ltr'>solida</span> <span class='ocrx_word' id='word_1_293' title='bbox 1292 2478 1549 2532; x_wconf 84' lang='lat' dir='ltr'>descriptione</span> <span class='ocrx_word' id='word_1_294' title='bbox 1577 2477 1765 2526; x_wconf 83' lang='lat' dir='ltr'>definiat,</span> 
     </span>
     <span class='ocr_line' id='line_1_37' title="bbox 320 2539 1763 2598; baseline 0.006 -20"><span class='ocrx_word' id='word_1_295' title='bbox 320 2539 375 2579; x_wconf 91' lang='lat' dir='ltr'>ita</span> <span class='ocrx_word' id='word_1_296' title='bbox 411 2541 647 2587; x_wconf 77' lang='lat' dir='ltr'>ut,nomine</span> <span class='ocrx_word' id='word_1_297' title='bbox 678 2544 718 2583; x_wconf 70' lang='grc' dir='ltr'>ὅ(</span> <span class='ocrx_word' id='word_1_298' title='bbox 753 2545 982 2586; x_wconf 82' lang='lat' dir='ltr'>definitione</span> <span class='ocrx_word' id='word_1_299' title='bbox 1012 2545 1034 2586; x_wconf 71' lang='grc' dir='ltr'>ἐι</span> <span class='ocrx_word' id='word_1_300' title='bbox 1066 2547 1220 2586; x_wconf 64' lang='lat' dir='ltr'>cancris</span> <span class='ocrx_word' id='word_1_301' title='bbox 1251 2547 1436 2586; x_wconf 88' lang='lat' dir='ltr'>omnibus</span> <span class='ocrx_word' id='word_1_302' title='bbox 1470 2544 1763 2598; x_wconf 72' lang='lat' dir='ltr'>dignoscantur.</span> 
     </span>
     <span class='ocr_line' id='line_1_38' title="bbox 320 2603 1760 2667; baseline 0.008 -24"><span class='ocrx_word' id='word_1_303' title='bbox 320 2603 373 2652; x_wconf 76' lang='lat' dir='ltr'>Ea</span> <span class='ocrx_word' id='word_1_304' title='bbox 400 2616 529 2647; x_wconf 83' lang='lat' dir='ltr'>autem</span> <span class='ocrx_word' id='word_1_305' title='bbox 555 2606 726 2650; x_wconf 69' lang='lat' dir='ltr'>scienriae</span> <span class='ocrx_word' id='word_1_306' title='bbox 755 2625 869 2663; x_wconf 84' lang='lat' dir='ltr'>pars,</span> <span class='ocrx_word' id='word_1_307' title='bbox 898 2612 992 2653; x_wconf 72' lang='lat' dir='ltr'>licet</span> <span class='ocrx_word' id='word_1_308' title='bbox 1017 2626 1096 2657; x_wconf 89' lang='lat' dir='ltr'>non</span> <span class='ocrx_word' id='word_1_309' title='bbox 1128 2615 1314 2667; x_wconf 75' lang='lat' dir='ltr'>primaria</span> <span class='ocrx_word' id='word_1_310' title='bbox 1336 2625 1408 2659; x_wconf 86' lang='lat' dir='ltr'>nec</span> <span class='ocrx_word' id='word_1_311' title='bbox 1435 2611 1636 2665; x_wconf 78' lang='lat' dir='ltr'>scientiam</span> <span class='ocrx_word' id='word_1_312' title='bbox 1662 2611 1760 2658; x_wconf 50' lang='lat' dir='ltr'>vere</span> 
     </span>
    </p>
   </div>
  </div>
 </body>
</html>
