1845 2968
1378 99 1459 162 lvij

27 195 121 250 ipse.
139 196 322 237 Linnaeus
348 194 566 236 arbitrariae
597 193 672 245 legi
701 193 867 233 nimium
903 194 1205 246 obtemperan53
1230 189 1298 244 qui
1331 200 1461 231 tamen

23 263 224 314 genericas
250 261 550 302 constitutiones
571 260 799 313 plerumque
823 259 992 311 optimas
1012 258 1202 300 exhibuit.

79 328 298 382 5⁰(lgnota
324 321 461 380 nequit
484 327 523 366 in
547 326 750 378 systemate
775 326 949 366 ordinari
971 326 1119 379 planta,
1141 325 1211 365 nisi
1229 325 1462 364 caraeerem

25 395 220 436 clafficum
235 394 487 449 &praecipue
504 394 641 433 florem
659 392 866 445 perfeetum
884 403 1100 446 expromat.
1117 392 1314 432 Adhibitis
1324 390 1464 430 contr&

25 461 71 516 in⁸
93 463 288 503 methodo
310 462 478 502 naturali
499 461 613 513 signis
633 455 835 513 plurimis,
863 460 966 513 saepe
991 459 1270 513 primariorum
1295 458 1464 498 auxilia-

25 528 122 576 riis,
145 528 238 569 dum
264 529 443 581 quaedam
466 527 667 568 evanuere
682 556 693 575 ,
714 537 854 566 caetera
874 527 1080 578 perflantia
1097 526 1137 565 δι
1158 525 1333 565 habitum
1354 523 1467 564 cons·

25 594 209 635 tituentia
230 595 531 635 determinando
549 593 680 633 ordini
697 602 764 632 aut
782 593 823 631 &
841 593 975 643 generi
998 592 1197 632 sufficiunt
1217 605 1226 630 t
1247 591 1297 632 fic
1325 591 1469 631 Rubia·

23 651 139 702 ceum
162 662 396 702 carauerem
420 676 457 715 p.
480 662 547 714 196
569 660 800 712 plerumque
822 659 1020 711 designant
1040 661 1079 698 in
1100 659 1241 699 frutice
1263 657 1360 698 folia
1386 671 1466 710 op-

23 728 148 782 posita
174 728 217 768 &
245 730 432 781 utrinque
462 727 749 779 stipulfi²unic2
779 727 974 768 mediante
998 726 1157 778 jun&a;
1188 725 1464 778 Polygoneum

25 809 61 848 p.
76 794 125 834 82
141 796 316 835 indicant
336 794 434 835 folia
457 794 604 834 alterna
629 792 708 834 bafi
735 794 985 844 vaginantia‚
1015 806 1186 846 quorum
1208 792 1369 842 juniora
1383 791 1467 831 sunt

24 859 164 903 subtits
193 861 391 901 revoluta.

76 927 140 966 60.
164 927 310 969 Praeter
338 927 550 967 auxiliares
577 926 745 966 minoris
771 936 903 975 notae,
935 926 1002 965 alii
1033 927 1149 967 etiam
1178 920 1484 978 praestantiores'

24 993 165 1033 dantur
191 993 409 1034 cara&eres
433 995 473 1033 in
502 994 639 1034 eadem
666 993 799 1047 planta
823 994 1106 1046 cognastffimi,
1139 994 1369 1046 plerumque
1396 1002 1466 1032 aut

23 1057 176 1111 semper
202 1061 405 1108 connexi,
430 1061 508 1111 jam
540 1061 653 1109 ante&
677 1061 926 1114 praenuntiati
949 1076 987 1114 p.
1014 1063 1082 1100 xix
1098 1092 1109 1109 ‚
1137 1061 1177 1100 ἃ
1195 1060 1296 1100 infr&
1313 1060 1471 1112 singulis·

24 1125 209 1166 accurate
242 1127 422 1180 praemiffi
451 1128 620 1167 claffium
650 1128 1011 1168 observationibus.
1037 1128 1137 1181 Quo
1163 1128 1295 1180 plures
1323 1127 1374 1166 sic
1404 1127 1470 1167 so-

23 1192 199 1240 ciantur,
222 1193 273 1233 eo
288 1193 570 1233 constantiores
595 1204 750 1242 extant,
778 1195 869 1246 quia
896 1195 1065 1233 mutatio
1094 1194 1211 1234 unius
1238 1193 1472 1233 determinat

22 1259 128 1312 saepe
153 1260 314 1302 alterius
341 1261 602 1300 mutationem
619 1290 630 1309 ,
658 1261 700 1301 δε
727 1260 899 1314 plurium
923 1261 1123 1301 difficilior
1152 1261 1205 1301 est
1228 1263 1344 1314 quim]
1371 1274 1470 1313 pau-

23 1326 178 1366 ciorum
206 1328 388 1368 inverfio.
420 1328 482 1367 Sic
511 1327 663 1367 corolla
694 1327 948 1379 monopetala
976 1328 1099 1379 exigit
1127 1327 1290 1368 calicem
1319 1340 1469 1367 mono‘

23 1393 206 1446 phyllum
232 1395 273 1434 δε
301 1396 462 1434 stamina
489 1406 534 1435 ut
561 1395 774 1448 plurimum
804 1395 998 1447 epipetala
1023 1406 1141 1448 atque
1168 1394 1328 1435 definita
1346 1426 1359 1443 ‚
1379 1407 1469 1447 quae

22 1460 152 1501 eidem
177 1461 358 1514 impofita
386 1475 467 1502 non
495 1462 698 1502 indefinite
717 1462 1026 1516 multiplicantur
1042 1462 1115 1503 nisi
1133 1462 1239 1514 priu‘
1267 1461 1346 1501 basi
1373 1473 1469 1502 coa—

22 1527 179 1566 lescant.
211 1527 383 1567 Facilior
407 1528 498 1567 inde
526 1529 566 1566 in
594 1528 865 1580 Leguminofis
890 1530 1009 1581 quum
1032 1529 1072 1567 in
1092 1528 1376 1581 Papaveraceis
1401 1540 1471 1567 co·

23 1594 138 1634 rollae
163 1594 406 1648 polypetalae
430 1608 508 1635 non
536 1596 784 1635 staminiferae
807 1596 847 1634 in
873 1595 1164 1647 monopetalam
1189 1594 1469 1635 staminiferam

23 1661 238 1701 conversio
259 1691 271 1709 ‚
301 1661 394 1714 quia
421 1662 575 1714 priores
597 1662 676 1713 jam
707 1661 821 1702 anteri
845 1662 968 1701 calice
990 1661 1258 1714 monophyllo
1277 1662 1316 1700 δέ
1334 1661 1471 1701 flami-

24 1728 99 1768 bus
130 1728 302 1767 definitis
331 1742 376 1768 ac
413 1729 489 1768 basi
525 1730 680 1769 coalitis
703 1760 714 1777 ,
747 1729 988 1782 posteriores
1019 1740 1149 1769 autem
1185 1729 1308 1769 calice
1346 1729 1469 1781 poly-

24 1794 166 1849 phyllo
198 1795 238 1833 &
264 1795 492 1835 staminibus
516 1797 731 1837 indefinitis
752 1810 797 1840 ac
825 1796 1009 1836 distinffis
1039 1797 1292 1836 instruuntur.
1319 1795 1469 1834 Similia

23 1871 212 1919 poterunt
230 1862 456 1902 benemulta
480 1864 677 1904 enucleari
697 1865 965 1916 problemata,
988 1863 1209 1903 observatis
1229 1861 1468 1901 caracterum

0 1962 2 1973 ,
26 1928 282 1969 affinitatibus
306 1929 348 1969 δι
372 1929 571 1984 perspecta
598 1931 683 1984 lege
709 1931 787 1987 qufi
819 1931 951 1984 plures
974 1931 1132 1982 cognati
1158 1927 1356 1967 difficilius
1377 1941 1469 1967 mu-

25 2006 170 2036 tantur.

77 2071 135 2114 70.
175 2063 268 2102 Non
313 2064 464 2104 tantum
497 2065 686 2117 integram
720 2066 959 2105 caraflerum
996 2064 1037 2103 &
1069 2064 1298 2103 affinitatum
1331 2062 1470 2114 cogni·

26 2129 177 2170 tionem
216 2129 334 2169 tradit
384 2131 593 2172 methodus
639 2132 825 2171 naturalis
850 2161 861 2180 ‚
913 2131 979 2171 sed
1017 2131 1059 2169 &
1101 2130 1321 2183 plantarum
1357 2127 1469 2168 fimul

28 2197 199 2235 virtutes
231 2195 389 2237 indicat-
415 2211 559 2253 magno
594 2200 650 2239 rei
687 2199 849 2240 medicae
881 2198 922 2237 &
958 2196 1211 2237 alimentariae
1247 2189 1470 2247 artiumque

28 2262 313 2305 emolumento.
349 2263 452 2303 Cum
486 2266 590 2305 enim
633 2266 795 2306 cuilibet
832 2265 990 2305 similari
1024 2263 1304 2316 Vegetantium
1348 2261 1470 2314 parti—

27 2423 242 2470 Nystanthi.
270 2422 437 2471 Ejusdem
464 2422 557 2461 filius
580 2424 618 2461 in
645 2423 900 2469 Supplemento
926 2423 1142 2462 Chiococcae
1170 2422 1263 2460 male
1287 2421 1471 2460 consociat

27 2486 418 2526 Tabernaemontanam
448 2501 579 2525 novam
608 2501 641 2534 p.
676 2499 739 2537 145
771 2493 806 2526 ὅ(
834 2490 948 2535 Lycio
975 2484 1135 2524 scriffam
1168 2499 1202 2532 p.
1231 2500 1313 2530 209.
1338 2485 1468 2523 Thun-

30 2549 176 2598 bergius
193 2552 240 2589 >in
260 2550 364 2591 Flora
382 2549 555 2598 Japonica
576 2553 740 2591 Cornum
765 2564 946 2599 nuncupat
972 2549 1138 2589 arborem
1162 2554 1323 2597 germine
1340 2546 1467 2594 supero

30 2611 252 2657 instructam.
