1845 2968
382 183 387 189 .
1438 131 1531 184 417

213 297 587 350 PLANTAE
640 300 1075 350 INCERTAE
1133 298 1402 351 SEDISg

82 387 402 464 ENUMERATts
442 423 611 464 claffium
640 423 945 475 praecedentium
978 424 1213 476 generibus,
1250 427 1429 478 quaedam
1462 428 1528 468 su‘

84 490 246 544 perfunt
273 491 480 531 ordinibus
510 490 715 542 descriptis
740 500 818 529 non
846 489 1082 541 adjicienda,
1117 490 1183 530 seu
1206 491 1312 544 signo
1341 483 1531 547 peculiari

83 558 133 597 ab
158 558 294 599 iisdem
318 558 415 598 vere
444 557 662 610 discrepent
683 556 815 596 futura
842 569 1047 596 novorum
1077 560 1264 599 ordinum
1287 562 1501 613 primordia
1516 590 1528 612 9

81 624 151 664 seu
177 626 307 666 minus
335 635 428 665 nota
450 626 491 664 δε
520 625 560 663 in
588 625 698 662 vivis
721 624 897 663 nondum
925 625 1083 664 definita
1102 627 1298 678 integrum
1320 641 1399 667 non
1416 629 1531 668 exhi-2

84 693 243 732 buerint
259 691 487 731 observanti
507 690 743 729 cara&erem
760 703 841 741 quo
859 703 956 729 vera
979 692 1167 731 statuatur
1187 695 1330 733 horum
1347 695 1528 738 affinitas.

83 759 213 800 Pauca
229 758 368 798 dantur
386 756 542 810 penitus
563 758 762 808 perspe&a
779 757 819 794 δι
835 768 963 796 tamen
979 771 1060 797 non
1078 759 1258 798 ordinata
1274 792 1284 809 ‚
1307 772 1347 800 ut
1363 761 1523 814 Penaea,

83 825 206 865 Stilbe
217 855 229 874 ‚
241 824 386 864 Badula
398 853 409 872 ,
422 822 632 861 Monniera
645 853 656 868 ‚
671 821 863 861 Roridula
875 853 887 867 ,
901 823 1153 876 Sauvagesia‚
1169 826 1415 881 Monotropa
1426 860 1436 876 ‚
1448 829 1530 869 Sar·

83 893 239 933 racenia
254 922 266 941 ‚
281 890 490 942 Anavinga
505 919 516 938 ‚
531 889 722 941 Sarnyda‚
741 889 923 929 Coriaria
938 922 950 938 ‚
977 886 1181 932 Pandanus
1192 922 1203 942 ‚
1226 894 1397 947 Begonia
1412 925 1426 941 ,
1447 894 1530 937 Da·-

82 959 180 1000 tisca
199 960 275 1000 &a
294 988 305 1008 ‚
320 959 464 1011 quibus
485 957 643 1010 insuper
668 958 858 998 accedunt
876 959 1063 999 nonnulla
1091 960 1312 1000 dubitanter
1333 962 1410 1013 jani
1432 977 1531 1015 praea
1552 960 1555 963 ’

84 1026 203 1066 miffis
228 1026 435 1065 ordinibus
463 1025 503 1063 in
533 1024 638 1064 calce
663 1024 841 1064 seorsum
861 1026 1020 1074 addita,
1045 1027 1228 1068 suadente
1252 1029 1418 1080 quadam
1439 1038 1530 1072 cum

82 1093 174 1146 ipsis
197 1093 446 1145 cognatione
460 1092 694 1132 Pluranunc
712 1092 892 1144 ambigua
912 1094 1054 1147 utpote
1072 1096 1209 1147 parum
1230 1098 1408 1148 cognita,
1426 1099 1528 1150 post-

81 1160 183 1200 hac
174 1173 212 1199 1n
228 1160 409 1200 admiffos
420 1153 552 1199 forsan
568 1152 834 1199 diffundentur
846 1161 1025 1211 ordines,
1041 1162 1221 1202 ulteriori
1236 1166 1414 1205 examine
1428 1166 1530 1206 illusd

82 1237 197 1268 trata.
218 1229 302 1268 Has
317 1238 445 1266 tamen
471 1238 630 1281 omnes,
651 1225 779 1265 liceta
802 1228 955 1267 caetetis
981 1229 1254 1270 diverfiffimas
1271 1243 1338 1271 aut
1355 1233 1530 1285 designa-

82 1294 194 1334 tione
209 1295 377 1333 incertas
394 1323 407 1339 ,
425 1305 504 1332 non
525 1273 616 1332 ideo
632 1292 748 1343 juvat
763 1292 912 1345 plantas
925 1296 1228 1346 praetermittere
1243 1298 1370 1338 donec
1382 1300 1528 1340 restius

82 1359 329 1400 innotuerint
356 1359 562 1398 ordinibus
590 1368 683 1397 tunc
707 1358 795 1409 jure
822 1360 1081 1412 cooptandae‚
1105 1360 1166 1400 sed
1196 1362 1349 1404 easdem
1376 1365 1415 1404 in
1446 1378 1529 1405 mea

81 1427 246 1467 thodica
268 1426 543 1466 distributione
567 1425 764 1465 terminali
789 1439 1036 1482 componere
1058 1441 1327 1482 opportunum
1344 1433 1528 1486 videtur,

82 1494 164 1548 qua
195 1493 351 1534 facilior
380 1494 522 1534 evadat
552 1495 691 1534 harum
727 1494 956 1548 disquisitio.
985 1496 1040 1535 Ea
1065 1497 1169 1536 enim
1192 1498 1246 1537 est
1269 1499 1526 1551 systematum

73 1561 258 1609 utilitas,
283 1573 365 1600 non
386 1571 431 1600 ut
454 1562 644 1613 quaerenti
669 1561 914 1602 manifestent
936 1564 1157 1616 plantarum
1183 1576 1361 1606 naturam
1385 1567 1476 1607 seu
1467 1583 1527 1609 inc·

83 1639 233 1681 tegram
252 1625 607 1680 organisationem,
627 1624 692 1667 sed
711 1639 754 1668 ut
771 1629 889 1668 citius
906 1629 955 1668 iis
976 1629 1210 1680 juvantibus
1233 1631 1374 1683 plantae
1391 1636 1527 1685 paucis

51 1739 60 1747 ,
81 1697 344 1738 cara&eribus
369 1695 602 1748 designatae
593 1708 632 1734 ιη
657 1683 788 1734 i‘ndice
808 1696 1039 1736 methodico
1068 1697 1344 1749 reperiantur,
1367 1702 1528 1742 nomine

82 1765 250 1818 proprio
277 1776 372 1803 mox
399 1762 650 1815 appellandae.
676 1762 1001 1821 Manca-quidem
1024 1773 1069 1801 ac
1093 1765 1390 1816 circumscripta
1412 1768 1529 1807 nimis

80 1830 243 1871 scientia
271 1830 320 1870 iis
345 1830 500 1878 innixa,
522 1829 586 1869 sed
609 1829 700 1867 ideo
723 1828 902 1876 facilior,
928 1830 1144 1880 tyronibus
1168 1832 1393 1881 acceptior,
1417 1833 1456 1870 δι
1476 1833 1530 1872 11-

81 1899 224 1938 benter
247 1896 486 1937 admittenda
515 1896 554 1933 in
579 1907 767 1947 generum
794 1894 1048 1933 ordinatione
1073 1908 1244 1946 quorum
1267 1897 1433 1937 affinitas
1459 1910 1525 1938 oc-³

84 1965 254 2006 cultatur
274 1974 341 2004 aut
364 1963 602 2014 incomperti
630 1973 786 2001 manent
811 1962 1001 2014 praecipui
1025 1961 1250 2002 caraReres.
1267 1963 1526 2008 Methodicos

84 2031 189 2073 inter
209 2032 358 2071 indices
386 2031 418 2069 is
445 2042 526 2081 prae
553 2029 707 2068 caeteris
728 2028 928 2080 eligendus
952 2028 1020 2080 qui
1051 2040 1230 2067 naturam
1256 2032 1419 2083 propius
1440 2029 1524 2073 col-

85 2099 197 2138 limat
224 2110 347 2138 veros
377 2096 505 2135 mini1s
537 2095 753 2134 disturbans
782 2095 966 2142 ordines,
1000 2094 1040 2132 δε
1071 2094 1160 2133 inde
1187 2094 1528 2140 Tournefortiana

23 2189 25 2191 ·
85 2165 298 2206 methodus
326 2163 523 2215 systemati
548 2163 740 2216 praevalet
764 2163 974 2201 Linnaeano
999 2161 1094 2201 licet
1119 2163 1365 2203 accuratiori.
1386 2164 1459 2211 Sed
1477 2175 1528 2207 eie

88 2231 312 2272 observatis
329 2243 366 2282 p.
385 2242 428 2281 93
449 2259 460 2277 ‚
480 2228 615 2268 eadem
643 2230 682 2267 in
711 2229 907 2281 primariis
929 2227 1104 2267 claffibus
1127 2227 1292 2268 corollae‘
1319 2229 1527 2281 praesentia

86 2298 130 2337 δι
164 2297 374 2353 par-titione
414 2295 584 2335 definitis
620 2296 769 2348 optima
800 2324 811 2344 ‚
840 2296 996 2334 aberrat
1024 2294 1105 2333 tum
1141 2294 1182 2333 in
1217 2294 1453 2339 secundariis
1478 2309 1529 2341 'ex

88 2364 218 2404 forma
247 2363 446 2411 deduffis,
468 2363 553 2402 tum
579 2362 618 2401 in
647 2364 855 2402 herbarum
890 2361 931 2399 δι
956 2362 1145 2401 arborum
1178 2362 1424 2407 distinffione
1449 2369 1526 2408 mi⁶

90 2432 199 2473 nime
226 2431 392 2470 naturali
426 2430 489 2482 (p.
519 2430 645 2482 344),
673 2429 864 2469 sefflones
893 2428 1077 2482 quasdam
1107 2427 1267 2480 posthac
1298 2432 1425 2484 aptius
1450 2435 1524 2476 de..

91 2500 243 2552 signans
270 2508 409 2537 mutuo
442 2495 590 2536 frufiffis
616 2498 657 2536 &
685 2497 818 2536 calicis
847 2496 933 2536 fitu.
965 2493 1145 2535 Primarii
1175 2496 1293 2548 igitur
1326 2498 1525 2541 delibandi

90 2566 208 2618 hujus
225 2563 436 2603 cara&eres
451 2563 488 2601 in
506 2562 681 2615 sequenti
697 2560 846 2611 indice,
860 2561 1100 2602 secundariis
1114 2559 1382 2614 subrogandus
1397 2563 1528 2618 pistilli

91 2631 184 2670 situs
199 2662 210 2679 ‚
236 2631 278 2670 δι
304 2630 493 2682 praeterea
515 2629 553 2667 in
573 2627 753 2667 ulteriori
773 2627 966 2668 divisione
984 2627 1092 2668 ultro
1113 2628 1347 2668 mutuandus
1368 2643 1416 2670 ex
1436 2628 1531 2681 Liri-2

87 2708 227 2738 naeano
248 2696 456 2750 systemate
472 2694 679 2734 staminum
697 2706 892 2735 numerus⁴
1218 2740 1264 2791 D
1291 2743 1323 2792 d
