1845 2968
357 138 405 183 iv

352 241 403 269 ex
439 230 742 283 praecedentium
776 227 972 269 concursu
1007 236 1157 278 organa
1187 237 1507 280 componuntur,
1534 225 1610 266 alia
1644 222 1788 278 planta

352 297 477 337 vitam
495 296 671 338 foventia
687 308 729 337 ut
745 297 854 336 radix
866 296 906 334 &
921 294 1042 333 caulis
1057 294 1097 332 δι
1109 292 1248 334 folium
1260 324 1273 343 ,
1285 294 1361 334 alia
1375 293 1637 347 propagandae
1645 290 1788 346 speciei

350 364 560 405 necessaria
589 376 632 405 ut
656 365 731 405 flos
758 365 799 403 δι
825 362 1001 407 fruetus,
1027 360 1161 401 omnia
1186 360 1297 401 simul
1323 362 1364 400 in
1395 373 1586 414 organum
1606 359 1787 413 generale

349 430 416 472 seu
443 431 612 484 plantam
641 432 830 483 integram
860 428 1072 476 coeuntia,
1104 439 1275 480 quorum
1302 427 1532 469 stru&uram
1562 426 1604 466 δι
1628 424 1791 480 disposi-

350 498 500 539 tionem
529 499 568 538 &
596 498 708 538 usum
736 495 957 550 praeprimis
979 494 1131 535 novisse
1157 494 1326 548 expedit.

401 567 527 605 Radix
540 566 648 605 humi
659 564 784 604 defixa
795 563 969 616 superius
979 562 1018 602 in
1031 563 1163 601 caulem
1182 561 1413 614 producitur
1423 575 1433 600 :
1442 560 1545 603 axim
1556 570 1575 590 ⁶
1587 558 1792 614 utriusque
1833 611 1835 613 ,

348 641 456 673 tenet
469 632 634 673 medulla
648 630 814 671 omnino
827 629 1050 670 utricularis
1069 643 1082 678 ;
1104 628 1217 668 strata
1230 629 1408 668 ambiunt
1422 628 1549 681 lignea
1560 657 1575 674 ‚
1590 640 1642 670 ex
1658 627 1789 681 longi-

348 698 583 738 tudinalibus
604 695 790 736 vasorum
816 696 855 735 δι
875 695 1062 735 fibrarum
1081 693 1275 734 fasciculis
1295 705 1404 734 textu
1433 693 1642 748 utriculari
1659 694 1788 734 inter-

350 765 478 818 posito
493 765 683 805 connexis
695 774 883 804 concreta
899 777 911 811 ;
939 762 1240 816 supersternitur
1258 773 1398 802 cortex
1413 791 1424 809 ,
1442 774 1491 801 ex
1506 760 1618 800 fibris
1636 760 1679 800 δι
1697 758 1793 800 vas·

350 832 449 872 culis
475 831 514 871 &
540 831 722 870 distinctis
749 829 1012 870 utriculorum
1038 829 1206 869 seriebus
1231 827 1314 867 fere
1340 827 1536 880 parallelis
1563 825 1653 866 laxe
1677 825 1791 866 inter·

350 910 480 940 textus
512 911 557 939 ac
587 898 693 951 quasi
727 897 972 945 reticulatis,
1006 897 1045 936 in
1079 896 1210 936 radice
1243 895 1402 934 madens
1434 907 1478 933 ac
1515 891 1723 940 succosus,
1751 891 1794 931 in

349 967 544 1008 herbaceo
564 966 675 1006 caule
693 966 1009 1006 membranaceus
1029 964 1182 1009 mollis,
1212 963 1250 1002 in
1271 963 1445 1002 arboreo
1468 961 1607 1001 siccior
1629 960 1670 1000 δι
1691 957 1792 1012 saepe

351 1033 538 1074 rimosus.
568 1032 738 1073 Succum
760 1032 800 1071 in
827 1031 967 1072 tellure
992 1042 1170 1083 paratum
1185 1059 1196 1077 ,
1214 1029 1464 1070 craffioribus
1483 1038 1646 1069 exutum
1669 1026 1791 1080 parti-

348 1103 478 1151 culis,
511 1103 634 1156 chylo
659 1101 818 1142 animali
857 1112 1147 1153 congenerem,
1182 1098 1295 1138 radix
1315 1125 1327 1143 ,
1358 1109 1550 1137 venarum
1585 1093 1792 1134 laRearum

349 1169 495 1218 instar,
529 1169 681 1221 exsugit
716 1169 835 1208 avide
873 1168 915 1208 &
949 1169 990 1207 in
1025 1166 1178 1207 caulina
1212 1165 1336 1205 defert
1369 1165 1459 1204 vasa
1494 1161 1792 1216 propellendum

350 1237 466 1277 altius
484 1265 496 1282 ‚
519 1235 726 1289 copiosum
750 1236 789 1274 in
815 1225 971 1286 juniore
991 1234 1147 1288 planta,
1173 1234 1212 1272 in
1240 1232 1454 1273 vetustiore
1478 1231 1699 1284 parciorem
1727 1241 1792 1268 ra·-

349 1304 461 1344 tione
483 1303 605 1343 auetae
628 1302 844 1342 solidorum
871 1302 990 1341 molis
1008 1301 1049 1341 δι
1068 1300 1263 1341 imminuti
1280 1300 1467 1340 vasorum
1491 1297 1683 1338 diametri.
1699 1296 1795 1337 Pars

349 1369 466 1421 hujus
488 1369 607 1408 altera
631 1369 734 1408 intra
760 1368 953 1408 corticem
976 1368 1018 1408 &
1047 1367 1193 1419 lignum
1222 1366 1382 1407 devecta
1411 1364 1628 1406 concrescit
1644 1363 1734 1405 hinc
1749 1363 1805 1404 in·

348 1437 529 1474 alburnum
552 1434 620 1474 seu
641 1435 788 1486 lignum
816 1434 988 1474 exterius
1006 1465 1018 1483 ,
1045 1433 1137 1472 inde
1163 1433 1203 1472 in
1224 1433 1346 1471 librum
1365 1431 1429 1472 seu
1447 1431 1609 1487 corticis
1627 1430 1792 1471 interius

348 1502 523 1542 stratum.
547 1503 682 1542 Altera
708 1502 941 1541 continuato
970 1499 1158 1540 vasorum
1188 1500 1343 1539 tramite
1369 1498 1603 1539 viscidiores
1630 1499 1670 1538 in
1690 1497 1807 1539 utri--

349 1569 449 1608 culis
468 1569 708 1621 glandulisve
721 1568 883 1607 dimittit
899 1567 1108 1620 particulas
1124 1597 1137 1614 ‚
1161 1578 1262 1606 nunc
1281 1565 1438 1606 melleas
1456 1577 1523 1606 aut
1544 1565 1792 1618 gummosas,

348 1647 452 1674 nunc
484 1633 669 1674 refinosas
698 1646 765 1673 aut
792 1646 900 1673 acres
918 1662 930 1678 ‚
963 1634 1004 1672 δι
1029 1633 1117 1672 dein
1149 1632 1249 1672 ultra
1283 1633 1493 1673 decurrens
1519 1645 1587 1685 per
1614 1632 1721 1672 cutis
1747 1632 1792 1673 δι

348 1701 547 1754 praecipue
577 1700 766 1740 foliorum
795 1699 986 1752 spiracula
1013 1699 1214 1739 fluidiores
1230 1698 1346 1749 ejicit.
1366 1699 1473 1738 Folia
1488 1699 1634 1753 quippe
1648 1698 1792 1752 duplex

349 1769 533 1809 vasorum
561 1767 674 1820 supra
702 1769 744 1806 ὅ(
771 1767 905 1806 subtus
933 1780 1001 1820 per
1029 1778 1166 1807 tenues
1194 1778 1343 1807 meatus
1371 1766 1561 1806 hiantium
1589 1765 1791 1806 constituit

347 1833 496 1880 series,
524 1834 566 1873 &
597 1835 753 1886 utrique
776 1834 930 1884 gemina
957 1833 1182 1873 insternitur
1208 1833 1433 1872 membrana
1457 1831 1572 1874 facile
1602 1831 1688 1885 post
1707 1845 1790 1872 ma-

347 1901 588 1941 cerationem
623 1900 857 1940 divellenda.
890 1900 984 1940 Pori
1014 1901 1124 1955 supra
1159 1900 1272 1954 positi
1303 1900 1507 1942 humorem
1546 1899 1711 1940 nimium
1744 1899 1791 1939 vi

355 1967 517 2021 propria
543 1968 579 2006 δι
612 1968 831 2007 attrahente
845 1966 936 2007 Sole
951 1967 1277 2020 perspiratorium
1293 1967 1474 2008 exhalant
1488 1980 1497 2005 ε
1510 1965 1613 2006 unde
1639 1965 1790 2020 semper

349 2034 419 2086 ipsi
447 2046 511 2073 aut
540 2035 622 2073 a'e'ri
647 2034 776 2074 libero
799 2034 1037 2075 obversatur
1059 2034 1249 2076 foliorum
1277 2036 1413 2088 pagina
1438 2033 1641 2086 superior,
1670 2046 1791 2087 quam

349 2100 376 2140 si
398 2101 606 2140 inverteris
627 2112 780 2140 retorto
805 2102 957 2154 petiolo
971 2131 984 2150 ‚
1001 2102 1048 2140 ad
1075 2101 1206 2142 Solem
1225 2103 1327 2141 lenta
1345 2101 1456 2141 redit.
1481 2100 1574 2141 Pori
1589 2101 1627 2140 in
1647 2100 1790 2142 averso

347 2167 513 2208 latentes
542 2167 643 2206 folio
672 2167 715 2207 δι
745 2167 846 2220 saepe
871 2167 975 2206 villis
997 2167 1124 2218 stipati
1141 2198 1154 2216 ‚
1181 2168 1410 2207 matutinum
1436 2178 1503 2208 aut
1526 2167 1790 2222 vespertinum

347 2235 606 2287 atmospherae
623 2247 755 2274 rorem
771 2234 969 2282 hauriunt,
985 2235 1051 2286 qui
1069 2236 1107 2273 in
1127 2235 1314 2275 interiora
1329 2233 1609 2288 compulsusad
1619 2235 1789 2276 radicem

348 2302 470 2356 usque
500 2304 718 2343 detruditur
738 2332 753 2351 ‚
784 2301 958 2354 ejusdem
988 2302 1198 2342 nutritioni
1227 2300 1426 2342 famulans.
1452 2302 1517 2343 Sic
1537 2303 1561 2342 a
1584 2302 1717 2343 radice
1739 2302 1790 2342 ad

398 2520 416 2539 a
440 2499 526 2535 Haec
554 2496 672 2536 brevis
698 2498 910 2535 oeconomiae
931 2496 1102 2545 vegetalis
1125 2495 1356 2534 adumbratio
1377 2493 1724 2543 partlm'exttahitur
1744 2507 1789 2534 ex

352 2561 472 2601 nostra
489 2560 578 2600 thesi
599 2559 743 2608 pristina
759 2564 794 2600 in
814 2564 944 2609 Lycaeo
967 2560 1109 2599 medico
1128 2558 1303 2599 Parificnfi
1321 2557 1542 2607 propugnata
1559 2571 1654 2596 anno
1671 2572 1787 2607 1770,

353 2627 411 2666 cui
438 2625 558 2665 titulus
584 2639 593 2661 ι
620 2630 677 2664 An
697 2623 946 2664 OE'conomiam
963 2622 1172 2663 Animalem
1190 2624 1284 2662 inter
1298 2619 1332 2661 ee
1357 2621 1399 2661 V
1394 2621 1560 2671 egetalem
1573 2621 1747 2676 analogia
1762 2623 1784 2661 ἲ
