1845 2968
359 95 461 159 lviij

357 190 460 231 culae
495 191 641 233 suasit
675 192 836 245 simplex
863 190 1023 240 virtus,
1051 202 1102 230 ex
1138 192 1325 244 organica
1361 193 1482 246 igitur
1518 191 1802 246 particularum

358 260 608 300 connexione
625 262 688 300 vis
704 261 823 299 mixta
841 258 975 312 prodit
988 288 1001 306 ,
1023 258 1062 296 in
1080 259 1238 309 organis
1259 260 1460 300 simillimis
1480 260 1632 313 semper.
1643 260 1807 311 eadem;
1841 247 1845 254 ¹

360 339 435 366 nec
461 327 552 367 ideo
579 327 737 379 dispar,
766 325 1010 378 experientia
1033 325 1150 372 teste,
1178 325 1342 367 habetur
1367 328 1404 366 in
1434 328 1578 380 plantis
1600 327 1822 381 conspeci-.

359 393 449 434 ficis
477 394 539 434 seu
572 394 761 435 consimili
794 393 957 433 omnino
994 392 1282 446 organisatione
1311 393 1501 435 instrueiis
1523 424 1534 442 ,
1573 394 1644 434 nifi
1677 394 1808 436 natale

358 459 484 501 solum
511 461 552 500 &
578 461 689 501 varia
717 461 924 500 succorum
953 460 1169 512 proportio
1199 459 1370 512 aliquam
1396 461 1498 502 inter
1529 471 1738 503 montanas
1750 461 1808 514 ,δι

359 529 579 581 pratenses,
596 530 697 568 inter
714 528 915 569 hortenses
929 528 971 568 δι
989 528 1204 579 sylvaticas
1217 538 1300 566 tum
1324 527 1429 568 intus
1442 539 1526 569 tum
1544 529 1659 570 extus
1674 529 1807 570 levem

358 596 563 635 intulerint
585 596 856 637 mutationem.
880 597 964 637 Vix
995 598 1114 637 etiam
1146 597 1296 636 virtute
1325 595 1501 636 diffident
1517 608 1770 649 -congeneres
1789 600 1810 621 ⁸

358 662 502 715 plantae
533 663 798 704 caraaeribus
827 664 894 705 seu
924 666 1085 718 organis
1120 663 1365 704 subfimiles:
1398 662 1450 702 fic
1483 661 1630 704 Salviae
1667 676 1808 704 omnes

359 729 447 768 sunt
478 729 686 782 cephalicae
699 760 711 776 ‚
731 733 926 773 Anchusae
943 732 1157 786 pefikorales
1167 731 1450 791 {Cochleariae
1463 731 1784 772 antiscorbuticae
1793 761 1812 780 ,

358 796 603 848 Euphorbiae
627 798 879 849 catharticae,
907 799 1049 841 Rubiae
1071 798 1274 839 diureticae
1306 812 1350 838 ac
1377 798 1584 839 tineioriae.
1611 799 1810 840 Ulteriori

360 863 576 904 collatione
592 866 727 905 eadem
743 865 882 906 sensim
903 867 1149 920 protrahitur
1164 866 1393 906 consecutio
1419 866 1460 905 &
1479 864 1811 918 generaconfinia

358 929 427 969 seu
455 931 634 984 pluribus
658 945 704 972 ac
727 934 940 986 praecipuis
962 934 1123 986 organis
1145 943 1339 986 cognata,
1370 933 1521 973 virtute
1540 932 1811 987 quadantenus

359 999 545 1051 proxima
572 1000 865 1051 conjiciuntur,
893 1015 1010 1055 quam
1032 1001 1176 1041 revera
1200 1001 1433 1054 plerumque
1463 999 1701 1041 uniformem
1729 1006 1746 1034 ό
1768 1000 1812 1041 in

358 1066 573 1106 ordinibus
598 1068 694 1108 vere
724 1069 970 1109 naturalibus
997 1079 1064 1108 aut
1089 1070 1128 1108 in
1154 1069 1333 1120 genuinis
1364 1068 1548 1108 ordinum
1575 1066 1813 1108 seetionibus

358 1134 603 1185 comprobat
631 1135 875 1176 observatio.
897 1136 960 1176 Sic
985 1136 1201 1189 generatim
1218 1135 1444 1176 Gramineae
1467 1134 1643 1175 nutritiae
1662 1133 1748 1174 sunt
1764 1146 1812 1174 ac

356 1197 598 1249 farinaceae3
627 1202 847 1242 Cruciferae
878 1203 1040 1242 diverse
1072 1202 1301 1242 scorbutum
1337 1202 1567 1255 impugnant
1592 1214 1605 1250 ;
1633 1200 1809 1242 Labiatae

356 1268 588 1308 aromaticae
619 1269 760 1309 dantur
789 1269 831 1309 &
857 1283 1027 1317 amarae,
1062 1270 1116 1309 ita
1148 1280 1277 1309 tamen
1305 1279 1348 1308 ut
1376 1269 1415 1308 in
1440 1269 1528 1309 aliis
1559 1267 1811 1311 stomachicis

357 1335 579 1383 amarities‚
597 1336 635 1375 in
657 1337 744 1376 aliis
769 1337 976 1390 cephalicis
991 1349 1128 1377 aroma
1144 1336 1373 1390 praevaleat.
1390 1336 1454 1376 Sic
1470 1337 1670 1389 praecipua
1687 1336 1809 1376 etiam

355 1401 617 1441 Liliacearum
636 1434 647 1452 ‚
675 1403 1021 1456 Leguminosarum
1034 1436 1045 1452 ,
1064 1404 1388 1456 Compofitarum
1404 1403 1445 1443 δι
1462 1401 1809 1443 Umbelliferarum

357 1468 489 1507 virtus
514 1469 644 1509 minus
674 1471 971 1523 circumscripta
993 1485 1038 1511 ac
1067 1472 1218 1511 mutata
1239 1472 1523 1512 elementorum
1543 1470 1809 1523 proportione

356 1535 465 1587 quafi
492 1535 559 1574 fibi
589 1549 669 1575 non
696 1536 831 1578 similis
848 1569 858 1585 ,
882 1540 920 1577 in
950 1538 1106 1590 singulis
1123 1538 1261 1578 harum
1286 1538 1522 1578 sefiionibus
1547 1537 1709 1577 diverse
1728 1550 1810 1577 rna-

356 1600 585 1649 nifestatur‚
613 1603 785 1652 ejusdem
817 1616 946 1645 tamen
977 1606 1220 1657 primigeniae
1253 1605 1396 1644 indolis
1421 1604 1572 1657 semper
1598 1604 1807 1657 particeps.

355 1668 467 1709 Dum
505 1681 635 1710 autem
675 1670 889 1722 junguntur
926 1672 1073 1725 species
1105 1672 1287 1725 quaedam
1327 1672 1427 1712 male
1463 1684 1706 1724 congeneres
1739 1681 1808 1713 aut

403 1839 421 1856 ‘¹
448 1834 579 1872 Plantae
608 1849 685 1881 quae
712 1849 845 1883 genere
876 1838 1097 1875 conveniunt
1115 1868 1124 1884 ‚
1154 1838 1261 1874 etiam
1295 1838 1425 1874 virtute
1453 1836 1703 1882 conveniunt3
1727 1847 1806 1883 quae

351 1895 480 1934 ordine
508 1899 658 1935 naturali
681 1900 932 1947 continentur,
958 1903 1065 1939 etiam
1086 1902 1214 1938 virtute
1241 1899 1384 1947 propius
1401 1898 1576 1938 accedunt
1593 1903 1664 1937 δίε.
1690 1897 1805 1938 Linn.

353 1958 456 1997 Phil.
476 1959 563 1998 Bot.
585 1975 619 1997 n.
641 1975 720 2008 337.

405 2037 420 2063 ¹⁷
447 2041 659 2078 Graminum
689 2040 778 2079 folia
805 2043 992 2089 pecoribus
1015 2043 1056 2082 ’δε
1082 2046 1250 2092 jumentis
1275 2044 1355 2082 laeta
1382 2042 1538 2090 pascua;
1568 2040 1705 2080 semina
1726 2042 1802 2080 mi-

352 2116 446 2143 nora
469 2104 596 2142 avibus
614 2137 623 2151 ‚
653 2109 791 2153 majora
817 2106 1026 2144 horninibus
1053 2105 1236 2144 esculenta
1257 2108 1376 2145 sunt...
1401 2106 1618 2146 Umbellatae
1642 2107 1678 2144 in
1701 2104 1802 2159 siccis

348 2170 554 2206 aromaticae
571 2200 581 2214 ,
601 2167 854 2209 calefacientes
879 2171 1131 2219 &Jpcllenreffi
1151 2173 1187 2209 in
1216 2171 1354 2220 aquosis
1377 2183 1563 2209 venenatae
1588 2168 1670 2208 sunt
1695 2174 1797 2208 δίε...

349 2233 578 2271 Vetticillatae
600 2234 810 2280 (Labiatae)
837 2233 917 2274 sunt
943 2234 1143 2285 fragrantes
1159 2265 1169 2280 ,
1195 2238 1351 2275 nervinae
1368 2266 1379 2282 ‚
1406 2234 1630 2274 resolventes
1653 2239 1689 2274 &
1714 2233 1798 2282 pel-

349 2294 464 2333 lentes
489 2302 588 2335 &c...
610 2298 792 2347 Siliquosae
821 2299 1066 2346 (Cruciferae)
1088 2299 1250 2349 aquosae,
1278 2314 1396 2347 acres,
1420 2299 1633 2346 inlicientes,
1661 2297 1799 2338 abster-

350 2369 479 2407 gentes
507 2366 540 2398 &
567 2362 748 2401 diureticae
776 2361 882 2408 sunt3
912 2362 1148 2402 exsiccatione
1176 2365 1399 2402 imminuitur
1421 2365 1572 2402 virtus...
1599 2362 1813 2410 Papiliona«

349 2435 495 2460 “amm
523 2428 538 2469 (
556 2427 831 2474 Leguminosae)
861 2428 949 2467 folia
971 2431 1139 2477 jumentis
1156 2434 1190 2468 &
1206 2429 1395 2476 pecoribus
1407 2460 1419 2475 ,
1436 2427 1572 2468 semina
1592 2426 1701 2467 v'ariis
1717 2427 1798 2464 ani-

351 2487 509 2527 malibus
532 2489 711 2530 esculenta
725 2524 735 2540 ,
762 2492 842 2532 sunt
863 2492 1043 2532 farinacea
1063 2500 1097 2532 ὅ(
1126 2495 1353 2534 flatulenta...
1377 2481 1593 2542 syrigenefia
1606 2488 1799 2538 Compon-

349 2562 472 2591 torum
502 2554 538 2591 in
566 2556 751 2595 Medicina
777 2559 1014 2605 receptissima
1037 2561 1279 2600 communiter
1304 2556 1516 2600 amara-est.
1536 2555 1632 2595 lhid.
1653 2569 1695 2595 n.
1713 2559 1796 2604 338-

353 2628 433 2665 ³42·
469 2630 550 2666 347·
580 2626 660 2669 348·
694 2636 773 2670 350·
805 2636 886 2672 351·
1423 2663 1425 2665 ψ
1813 2640 1845 2681 ιι
