1845 2968
167 996 299 1028 Gener&

336 160 396 194 XX

337 233 519 289 rubigine
549 244 618 276 aut
648 233 872 286 ustilagine,
901 230 1059 283 organis
1085 230 1265 273 uberiori
1293 232 1504 274 succorum
1527 231 1674 276 affluxit
1697 241 1785 275 am·

339 303 480 357 pliatis.
500 302 575 343 Sed
591 315 648 343 eae
676 303 859 341 varietates
873 328 884 348 ,
905 299 942 336 in
966 295 1074 337 nova
1091 297 1276 340 seminum
1289 301 1576 354 germinatione
1589 288 1659 342 sibi
1674 314 1785 343 com-

338 370 456 412 miffae
471 401 482 418 ,
505 371 552 410 ad
580 367 870 423 primordialem
889 364 1067 405 restituto
1090 364 1284 406 caraQere
1303 368 1468 408 redeunt
1487 369 1680 422 speciem,
1704 373 1786 415 cae,-

334 438 432 478 teris
454 450 536 478 non
559 435 801 476 obstantibus
814 431 937 472 causis
953 430 993 470 &
1008 430 1163 471 servata
1178 431 1264 484 lege
1283 433 1461 474 naturali.
1483 435 1633 475 Nativa
1651 445 1784 485 autem

334 505 484 558 species
496 537 507 554 ,
523 503 703 545 accurata
718 499 947 558 definitione
963 498 1074 540 certo
1097 498 1392 552 circumscripta
1405 531 1418 551 ,
1441 514 1584 542 verum
1598 502 1669 543 stat
1688 501 1784 543 fun-

332 571 557 612 damentum
585 569 757 610 scientiae
796 567 991 608 botanicae
1022 578 1111 619 quae
1146 566 1184 605 in
1221 565 1258 605 id
1291 567 1447 620 penitus
1479 570 1674 611 incumbit
1694 600 1708 619 ‚
1741 579 1787 610 ut

333 652 471 680 omnes
499 638 609 691 plane
645 635 847 689 dignoscat
875 634 1049 688 species,
1081 633 1346 674 universalem
1380 647 1514 675 earum
1551 637 1785 678 carasterem

330 704 511 758 apprime
540 703 703 752 calleat,
732 714 798 742 eas
828 700 1000 740 invicem
1024 698 1205 739 conferat
1230 699 1366 740 affines
1390 701 1627 742 connectens
1648 704 1690 744 δι
1709 701 1787 744 dis-

329 781 536 823 crepantes
565 769 796 823 segregans‚
826 768 866 808 δι
892 781 940 810 ex
968 767 1125 821 speciali
1153 768 1384 819 cognitione
1412 781 1457 809 ac
1480 769 1697 810 collatione
1723 782 1789 824 ge.

328 838 449 878 nerali
497 838 692 890 integram
733 838 912 878 omnium
963 847 1114 876 naturae
1148 846 1269 889 atque
1305 837 1559 878 cohaerentiae
1600 837 1785 878 notitiam

330 903 608 957 consequatur.

378 971 434 1011 Ea
460 971 678 1024 specierum
709 969 878 1025 perfesia
901 970 1037 1024 nequit
1058 971 1280 1025 comparari
1300 970 1479 1024 cognitio
1502 971 1575 1011 nist
1597 970 1785 1022 juvandae

330 1039 539 1079 memoriae
577 1039 695 1079 causa
732 1040 771 1078 in
807 1037 1014 1078 fasciculos
1046 1037 1218 1090 primum
1249 1039 1597 1090 conglomerentur
1630 1038 1786 1078 ratione

325 1106 527 1147 affinitatis
544 1136 555 1154 ,
583 1106 624 1146 δι
646 1106 815 1159 posthac
843 1106 882 1144 in
911 1104 1036 1144 fasces
1063 1117 1113 1144 ex
1138 1104 1283 1156 junffis
1310 1104 1506 1146 fasciculis
1534 1105 1786 1159 compositas.

325 1173 597 1227 Simpliciores
622 1172 799 1213 fasciculi
820 1187 946 1226 genera
967 1171 1059 1211 dieti
1084 1172 1399 1224 comples'iuntur
1415 1172 1622 1212 nonnullas
1640 1171 1789 1227 species

327 1240 510 1294 plurimis
544 1240 838 1280 consentientes
866 1240 982 1292 signis
1003 1270 1014 1289 ‚
1044 1240 1179 1292 paucis
1213 1239 1499 1293 discrepantes,
1528 1241 1569 1280 &
1595 1239 1688 1279 ideo
1720 1250 1787 1280 ca·

327 1306 475 1347 metere
502 1320 583 1348 non
607 1306 823 1347 universali
849 1307 909 1347 sed
936 1306 1087 1346 tantum
1107 1307 1277 1359 generali
1293 1306 1534 1346 conformes.
1550 1305 1703 1345 Harum
1721 1317 1787 1358 ge-

328 1375 463 1414 nerica
492 1374 735 1414 consociatio
760 1384 911 1413 certum
939 1373 1062 1425 exigit
1095 1373 1194 1413 inter
1220 1372 1429 1426 specificos
1462 1373 1674 1413 camfiieres
1709 1373 1782 1413 de·

328 1440 492 1486 lectum,
527 1453 610 1481 non
644 1441 898 1480 arbitrarium
928 1439 991 1479 sed
1023 1438 1156 1478 solidis
1190 1441 1365 1480 innixum
1392 1440 1619 1494 principiis,
1648 1440 1703 1479 ita
1734 1449 1779 1480 ut

330 1519 452 1560 genus
476 1508 681 1560 quodlibet
708 1507 856 1561 species
885 1518 1023 1547 omnes
1043 1505 1141 1546 vere
1165 1519 1404 1559 congeneres
1430 1508 1595 1556 habeat,
1619 1506 1781 1560 dispari-

338 1574 413 1614 bus
439 1587 638 1627 nunquam
664 1574 918 1617 intermixtis.

381 1641 498 1681 Nulla
520 1641 625 1682 fuere
646 1640 782 1694 priscis
808 1641 846 1679 in
873 1641 1119 1694 temporibus
1135 1641 1328 1693 genericae
1351 1640 1467 1693 hujus
1485 1640 1781 1681 constitutionis

330 1708 521 1763 principia
545 1738 557 1757 ,
590 1709 630 1747 &
671 1709 864 1749 indicante
908 1710 1058 1749 tantum
1100 1709 1234 1748 habitu
1278 1708 1465 1748 subfimili
1499 1708 1783 1762 inexplorato,

330 1775 471 1829 plantae
504 1775 572 1815 sub
605 1776 746 1816 eodeni
778 1776 940 1816 nomine
976 1776 1076 1827 vage
1107 1776 1338 1815 militabant.
1364 1776 1528 1816 Veteres
1559 1776 1665 1816 enim
1695 1776 1784 1830 ple·-

331 1843 443 1895 rique
461 1873 473 1891 ,
503 1843 551 1882 de
577 1855 616 1881 re
648 1842 799 1882 medica
826 1855 906 1882 non
936 1843 982 1882 de
1017 1841 1202 1882 botanica
1227 1841 1419 1888 solliciti,
1447 1843 1667 1895 plantarum
1697 1843 1786 1882 vir-

336 1920 460 1949 tutem
497 1922 578 1949 non
610 1910 842 1949 caracterem
879 1910 1098 1949 exhibuere
1127 1910 1167 1948 in
1200 1910 1386 1962 operibus
1420 1908 1568 1963 pluries
1594 1908 1782 1973 apparate

326 1976 594 2029 interpretatis
611 1990 782 2029 quorum
806 1988 943 2028 magna
959 2007 970 2025 ,
990 1975 1054 2015 sed
1081 1977 1129 2015 ab
1158 1975 1356 2015 hodierno
1389 1975 1514 2015 aliena
1544 1975 1783 2028 proposito,

334 2044 472 2082 merita
495 2044 557 2082 hic
582 2043 785 2083 recensere
813 2044 1146 2096 supervacaneum
1171 2043 1224 2083 est
1240 2073 1250 2091 ,
1274 2056 1362 2083 cum
1397 2043 1477 2082 viri
1505 2042 1663 2083 aliunde
1691 2055 1782 2083 eru·

327 2110 497 2150 ditiffimi
512 2109 684 2150 scientiae
700 2123 802 2149 nunc
815 2110 1058 2150 elucidandae
1073 2109 1297 2149 nullatenus
1306 2120 1373 2149 aut
1390 2110 1527 2162 parum
1544 2108 1782 2162 profuerint.

327 2178 416 2231 Qui
444 2189 572 2217 tamen
599 2190 670 2217 eos
704 2177 948 2229 singulariter
978 2176 1132 2215 noviffe
1161 2176 1271 2215 ardet
1296 2206 1307 2224 ,
1336 2176 1427 2216 huic
1459 2176 1700 2217 consulenda
1728 2175 1783 2218 est

329 2245 479 2296 optima
500 2243 778 2284 Tournefortii
807 2244 965 2296 lsagoge
989 2244 1163 2282 Antores
1188 2243 1381 2294 sigillatim
1397 2256 1630 2284 enumerans
1650 2244 1692 2283 δι
1717 2243 1782 2285 de·
1836 2258 1838 2263 ·

331 2311 452 2350 bitam
469 2312 679 2364 unicuique
693 2311 818 2350 laudis
834 2322 982 2363 partem
1002 2311 1192 2351 tribuens.
1209 2311 1365 2350 Horum
1383 2311 1616 2351 successores
1634 2311 1781 2352 ibidem

331 2380 538 2418 memorati
562 2379 869 2419 constantiorem
900 2379 936 2417 in
965 2377 1228 2418 describendis
1252 2379 1394 2430 plantis
1420 2378 1562 2419 dedere
1587 2390 1749 2431 operam
1767 2407 1780 2425 ‚

331 2446 394 2485 sed
424 2446 708 2498 principiorum
734 2445 885 2486 defefiu
911 2439 951 2484 &
974 2446 1120 2497 ignotis
1143 2446 1371 2499 quibusdam
1397 2446 1608 2500 praecipuis
1625 2445 1782 2498 organis

330 2525 487 2552 mancas
513 2512 653 2564 saepius
683 2513 967 2566 descriptiones
996 2516 1036 2553 ὃ(
1069 2527 1210 2566 pravas
1237 2514 1390 2567 semper
1411 2506 1707 2553 di'stri'butiones
1729 2525 1779 2553 ex

329 2578 432 2618 locis
462 2589 528 2618 aut
563 2579 817 2631 qualitatibus
853 2591 919 2620 aut
958 2580 1147 2620 strusiura
1182 2592 1250 2621 aut
1289 2581 1424 2620 habitu
1458 2579 1560 2619 male
1590 2588 1778 2632 percepto

329 2645 463 2687 duetas
480 2644 745 2697 tradiderunt,
762 2647 849 2688 utili
872 2658 1002 2688 tamen
1032 2648 1249 2701 specierum
1266 2647 1516 2700 cognitarum
1537 2644 1778 2686 indicatione
