1845 2968
1362 133 1522 194 xxxvij

81 244 264 289 guentur.
296 234 512 279 Methodus
543 232 634 275 ideb
661 242 835 274 catenam
859 241 927 273 aut
952 241 1131 284 mappam
1162 226 1350 269 aemulans
1376 229 1523 280 pariter

82 303 138 345 est
151 303 410 351 elaboranda,
428 317 509 353 non
527 303 702 343 obstante
716 314 900 353 generum
915 299 1163 340 exoticorum
1177 296 1352 350 penuria.
1372 307 1424 335 20.
1439 296 1526 336 Nec

79 371 189 411 valet
216 372 540 425 impedimentum
565 383 614 410 ex
640 369 787 408 difficili
813 367 1100 420 principiorum
1118 364 1364 404 naturalium
1391 363 1524 403 inves-

78 437 271 490 tigatione
293 439 501 490 deduclum
520 453 529 477 :
557 452 601 479 ea
621 438 726 478 enim
745 447 878 476 extant
898 435 1041 489 plantis
1067 431 1268 474 arffiffime
1293 430 1525 469 inhaerentia

80 503 122 544 &
140 506 282 559 cuique
306 506 538 547 observanti
560 505 674 545 facile
702 504 850 548 obvia,
875 516 962 556 quae
984 502 1130 555 duplici
1150 500 1304 554 poffunt
1324 497 1524 551 explanari

78 572 234 612 ratione
266 586 371 613 nunc
395 572 571 614 vicissim
601 569 872 625 prosequenda
890 600 902 618 ‚
931 580 975 609 ut
1000 569 1122 609 altera
1155 566 1316 608 alterins
1340 566 1386 605 fit
1415 563 1522 618 quasi

76 639 346 680 confirmatio.

128 705 260 746 Prima
292 720 337 747 ac
371 707 626 748 communior
657 707 771 746 datur
806 705 1023 758 progreffio
1056 704 1264 744 ascendens
1298 703 1322 741 a
1355 699 1522 753 cognitis
1594 709 1736 753 Ejusdem

75 771 318 826 simplicibus
353 775 400 814 ad
427 773 642 826 composita
672 772 901 824 incognita,
935 772 978 810 &
1004 785 1053 812 ex
1075 771 1261 812 uniformi
1291 783 1336 809 ac
1361 767 1520 808 concisa
1545 752 1739 805 affequendae

75 836 401 880 observationum
417 840 458 878 δι
477 840 790 879 enuntiationum
812 838 910 879 serie
931 851 1029 879 vera
1051 838 1195 891 absque
1216 837 1328 889 gravi
1357 835 1520 888 negotio

73 917 267 947 eruuntur
291 907 466 946 methodi
495 907 682 947 naturalis
709 907 912 960 principia.

127 971 191 1011 Sic
217 971 398 1013 noscitur
427 973 600 1026 primum
630 974 777 1027 species
810 974 984 1027 propriis
1009 973 1170 1013 definita
1198 972 1314 1025 fignis
1332 1002 1343 1020 ‚
1370 970 1518 1011 entium
1542 979 1753 1030 certaspeciei

71 1037 363 1084 simillimorum
399 1040 602 1088 adhaefio,
647 1041 845 1093 nunquam
884 1040 1093 1079 dividenda
1127 1038 1191 1079 sed
1226 1037 1386 1090 fimplex
1422 1050 1518 1077 una-
1541 1027 1698 1067 cognitio.

72 1105 170 1144 nimi
202 1105 421 1157 consensu,
448 1106 610 1160 simplex
635 1106 795 1157 jubente
824 1107 1011 1159 primaria
1040 1107 1203 1145 Naturae
1235 1105 1319 1156 lege
1341 1103 1519 1157 perspec-

74 1171 216 1212 tiffimfi
242 1173 321 1226 qua
342 1174 381 1212 in
409 1188 516 1213 unam
529 1163 679 1226 speciem
703 1175 903 1227 colligenda
920 1174 1006 1224 fiant
1029 1174 1302 1226 vegetantiaseu
1330 1172 1518 1210 individua

72 1239 237 1277 omnibus
249 1239 330 1292 ficis
352 1241 516 1292 partibus
530 1240 716 1291 simillima
737 1241 772 1280 δ’
795 1241 1000 1278 continuasti
1014 1240 1270 1292 generationum
1287 1239 1376 1291 serie
1387 1239 1520 1290 semper

69 1305 288 1358 conformia,
313 1305 367 1345 ita
383 1315 426 1345 ut
447 1305 654 1358 quodlibet
673 1305 921 1346 individuum
937 1305 983 1344 fit
1002 1319 1098 1347 vera
1119 1306 1239 1345 totius
1256 1305 1395 1357 speciei
1413 1318 1514 1357 prae-

73 1372 204 1412 teritae
232 1372 274 1412 &
304 1372 505 1426 praesentis
531 1372 573 1411 δι
597 1372 741 1412 futurae
767 1373 925 1424 effigies.

124 1439 235 1492 Quae
256 1450 389 1480 autem
412 1440 451 1479 in
473 1452 591 1480 unam
614 1440 817 1492 compellit
841 1440 1008 1493 speciem
1033 1440 1236 1480 individua
1260 1440 1424 1481 omnino
1451 1453 1517 1493 pa·
1545 1459 1721 1502 Specierum

69 1505 183 1556 rilia,
203 1507 338 1547 eadem
360 1507 574 1560 specierum
598 1507 780 1546 similium
803 1507 1089 1558 adjunffionem
1113 1521 1230 1561 aequo
1257 1506 1344 1559 jure
1367 1507 1429 1547 Iex
1451 1507 1515 1547 de·
1538 1504 1681 1556 affinium

69 1573 264 1614 terminat.
282 1573 385 1612 Nam
401 1573 572 1625 pariter,
596 1572 752 1612 nemine
774 1573 985 1622 diffitente,
1011 1574 1256 1625 consocianda:
1274 1574 1360 1624 fient
1379 1574 1512 1626 species
1534 1558 1699 1638 ἑὲἓζῖῗζζο

69 1639 193 1692 majori
228 1645 433 1679 carablerum
474 1656 611 1679 numero
647 1641 838 1692 conformes
866 1672 877 1690 ,
918 1654 963 1680 ac
1000 1641 1092 1680 ides)
1129 1640 1382 1680 dimovendae
1421 1654 1510 1693 quae

67 1706 246 1760 pluribus
270 1707 455 1748 differunt
482 1708 606 1761 signis.
633 1708 729 1748 Haec
755 1709 865 1761 prior
890 1709 1182 1748 connexionum
1212 1710 1315 1748 ratio
1341 1708 1508 1760 primam

67 1774 231 1814 exhibet
258 1775 491 1815 affinitatum
521 1776 708 1816 trutinam
741 1776 818 1829 qua
854 1776 1124 1815 examinantur
1150 1776 1294 1828 species
1324 1777 1511 1828 quaelibet

68 1841 110 1880 in
147 1841 328 1882 eumdem
358 1841 582 1883 fasciculum
614 1844 907 1897 congregandae.
941 1844 1078 1884 Genus
1108 1843 1198 1883 inde
1230 1844 1478 1883 constituitur
1497 1875 1510 1894 ,

67 1906 286 1961 specierum
315 1908 497 1948 fimilium
526 1911 757 1961 congeries,
787 1910 899 1961 cujus
924 1922 1052 1949 tamen
1084 1911 1188 1949 nulla
1218 1911 1384 1948 traditur
1412 1909 1509 1949 defi-

66 1975 169 2014 nitio
207 1985 314 2015 certa
344 1988 414 2015 nec
457 1986 638 2016 accurata
679 1977 980 2016 construftionis
1014 1976 1229 2029 praeceptio
1252 2004 1264 2022 ‚
1311 1976 1508 2029 praecipue

67 2041 107 2080 in
132 2042 321 2082 methodo
349 2043 529 2082 naturali.
557 2044 610 2082 Ea
641 2044 826 2095 fiquidem
849 2074 859 2091 ‚
886 2043 907 2081 ὴ
938 2032 1185 2090 sssstematicsi
1207 2043 1419 2094 plurimum
1439 2044 1511 2083 ab-

67 2108 204 2149 ludens
220 2139 233 2157 ‚
264 2122 345 2149 non
378 2109 533 2149 stri&os
566 2111 775 2162 generibus
796 2109 940 2148 limites
960 2109 1141 2161 affignat‚
1159 2109 1223 2150 sed
1251 2123 1387 2150 omnes
1405 2123 1509 2150 nexu

67 2175 235 2216 insenfili
265 2177 462 2217 connectit
486 2177 631 2230 species
665 2177 823 2217 servata
850 2177 1064 2226 affinitate,
1098 2190 1193 2230 quas
1221 2178 1309 2216 dein
1337 2177 1509 2220 scientiae

67 2243 351 2282 concinnandae
377 2245 516 2289 causa,
540 2244 695 2284 caesuris
715 2243 797 2284 sere
824 2244 1278 2284 arbitrariisindistincla
1293 2245 1512 2297 compingit

66 2314 238 2360 genera,
268 2309 447 2362 pluribus
480 2322 546 2351 aut
577 2313 831 2364 paucioribus
861 2313 907 2351 ad
939 2312 1092 2351 libitum
1125 2311 1245 2351 ditata
1281 2310 1510 2364 speciebus,

69 2375 112 2414 &
136 2375 298 2416 dicenda
325 2377 423 2417 vere
452 2379 643 2418 naturalia
661 2379 753 2419 ditm
770 2381 906 2420 affines
933 2393 1014 2434 non
1040 2379 1241 2431 segregant
1261 2391 1331 2419 nec
1356 2379 1512 2419 univer-

65 2442 147 2483 sam
174 2443 390 2484 disturbant
415 2445 567 2485 seriem.

118 2509 292 2550 Plurima
321 2512 477 2566 insuper
506 2513 671 2554 Naturae
692 2516 820 2556 minus
848 2516 1055 2556 occultatae
1084 2515 1246 2568 vestigia
1271 2515 1410 2568 passim
1441 2515 1513 2554 im-

65 2575 190 2629 press‘a
215 2589 397 2627 manent,
420 2579 716 2621 observatorem
733 2595 812 2622 non
828 2583 1045 2630 eludenda,
1067 2582 1220 2621 caeteris
1240 2580 1516 2634 persequendis

66 2654 112 2683 ac
142 2643 266 2685 totius
293 2645 552 2708 progreffiqni
585 2648 871 2690 manifestandae
906 2649 1122 2703 praeprimis
1158 2647 1281 2689 utilia.
1312 2647 1513 2689 Nimirum

1190 2716 1288 2778 ciij

1541 810 1643 841 prima
1659 802 1752 833 ratio.
