1845 2968
1536 134 1592 186 23
1608 139 1623 170 ἱ

189 212 302 255 extus
317 213 579 254 adnascuntur
593 243 605 262 ‚
630 213 681 252 ita
697 223 741 253 ut
758 211 948 252 corollam
972 211 1209 251 mentiantur
1228 214 1519 265 monopetalam
1532 246 1544 264 ‚
1560 217 1631 256 sta-

188 279 407 320 miniferam
433 290 499 319 aut
521 279 724 319 staminum
744 279 843 319 tubo
866 278 1039 318 infixam.
1060 277 1105 316 In
1127 278 1442 330 Caryophylleis
1472 281 1633 322 stamina

188 346 350 386 definita
363 378 376 397 ‚
398 347 462 388 sed
478 347 577 400 saepe
593 346 814 400 petalorum
833 345 947 398 dupla
960 344 1129 394 ,alterna
1143 344 1212 384 sub
1229 345 1394 397 pistillo,
1410 347 1557 387 alterna
1571 362 1633 400 pe-

185 414 356 454 talorum
371 415 569 466 unguibus
584 413 833 458 inseruntur,
850 412 1041 464 geminam
1057 413 1094 451 in
1111 412 1251 452 eodem
1267 413 1362 452 flore
1381 413 1634 454 insertionem

187 480 412 533 colligentia
438 496 446 520 ε
475 481 577 521 unde
607 481 782 520 naturale
815 480 970 531 exurgit
997 480 1232 532 principium
1266 480 1344 530 jam
1374 494 1409 533 p.
1439 495 1486 533 71
1521 482 1562 521 δι
1595 483 1634 521 in
1665 487 1668 491 '

188 548 322 602 operis
341 550 541 601 prooemio
558 549 725 588 edi&um
737 581 748 598 ‚
762 561 843 601 quo
861 548 1051 601 epipetala
1067 547 1271 587 staminum
1291 547 1454 587 insertio
1470 548 1628 600 singulis

187 615 275 654 aliis
299 615 461 655 seorsim
488 615 602 655 facile
631 615 865 655 conciliatur
884 646 895 664 ‚
923 614 1045 654 modo
1073 614 1209 654 iisdem
1245 625 1437 667 congruat
1468 616 1632 668 propria

190 683 354 723 corollae
385 682 582 735 ipsiusmet
608 680 854 721 staminiferae
879 681 1052 722 insertio.
1079 681 1182 721 Cum
1209 682 1398 735 praeterea
1423 683 1487 723 lex
1512 683 1634 723 altera

187 749 361 789 corollas
382 748 638 788 staminiferas
656 748 788 799 jubeat
803 748 876 787 efl'e
895 747 1138 801 frequentius
1158 749 1453 802 monopetalas‚
1472 750 1632 803 Caryo-

188 815 436 870 phyllearum
463 815 591 869 petala
617 814 897 867 nonnunquam
914 815 992 854 basi
1013 815 1237 856 coalescunt
1260 818 1361 856 utin
1385 817 1603 859 Malvaceis
1618 850 1630 868 ,

190 883 234 921 δι
265 883 447 936 exemplo
477 881 705 934 Saponariae
734 881 914 934 Anglicae
944 881 1049 921 forte
1077 896 1157 922 non
1184 883 1305 923 unico
1328 914 1339 932 ‚
1371 885 1410 922 in
1438 885 1633 924 corollam

189 949 288 989 vere
318 948 610 1000 monopetalam
638 948 875 1001 quandoque
907 948 1175 988 concrescunt.
1203 949 1303 1001 Quo
1332 950 1462 1002 plures
1496 962 1627 990 autem

187 1016 293 1068 leges
314 1014 489 1067 infringit
510 1015 693 1066 exceptio
712 1043 726 1060 ,
752 1015 802 1054 eo
831 1015 959 1054 rarior
982 1029 990 1053 :
1018 1015 1109 1054 inde
1142 1016 1323 1068 praedi&a
1348 1010 1511 1057 corollae
1537 1029 1631 1056 con-

188 1082 322 1122 verfiO
355 1082 520 1122 calicem
548 1080 855 1134 monophyllum
884 1081 948 1134 (p.
983 1095 1045 1135 93.
1078 1082 1191 1135 154.)
1217 1084 1256 1122 ὃ(
1282 1083 1441 1123 stamina
1472 1084 1631 1124 definita

186 1150 444 1204 praecipiens,
471 1149 509 1187 in
537 1148 743 1187 ordinibus
766 1148 887 1188 calice
910 1149 1154 1201 polyphyllo
1186 1149 1376 1189 instrueris
1406 1150 1535 1190 minus
1562 1162 1630 1189 aut

188 1216 295 1256 nulle
320 1215 564 1264 admittitur,
591 1214 632 1254 &
662 1214 701 1253 in
724 1214 951 1254 staminibus
968 1214 1179 1255 indefinitis
1201 1228 1280 1255 non
1301 1216 1407 1256 valet
1427 1216 1496 1256 nisi
1521 1216 1630 1269 prius

188 1284 255 1337 (p.
284 1283 397 1337 157.)
417 1283 560 1321 horum
577 1281 796 1321 coaluerint
817 1282 1024 1322 filamenta.
1042 1282 1220 1323 Corollae
1245 1283 1412 1323 defeetus
1438 1284 1477 1323 in
1496 1284 1632 1337 paucis

191 1349 504 1402 Caryophylleis
533 1348 572 1387 &
596 1349 851 1401 paucioribus
871 1349 1089 1389 Malvaceis
1113 1349 1155 1389 δι
1179 1350 1249 1388 vix
1272 1351 1311 1389 in
1332 1350 1420 1389 aliis
1443 1350 1630 1390 observa-

188 1428 253 1456 tur
268 1446 278 1464 ‚
307 1416 435 1455 rarior
453 1416 491 1454 in
510 1415 714 1455 staminum'
735 1416 1052 1468 hypogynorum
1075 1415 1139 1469 (p.
1162 1416 1257 1469 87.)
1275 1417 1392 1469 quam
1410 1417 1447 1455 in
1471 1418 1629 1469 perigy'-

191 1496 334 1523 norum
357 1483 418 1535 (p.
434 1482 527 1534 74.)
557 1482 744 1522 classibus.
770 1483 852 1522 Cur
879 1483 931 1523 fic
961 1483 1085 1522 variae
1117 1481 1340 1535 discrepant
1367 1483 1631 1524 insertiones?

192 1550 278 1591 Cur
299 1549 466 1590 diversae
482 1549 522 1588 in
539 1548 674 1589 iisdem
700 1549 903 1589 ordi-nibus
925 1551 1179 1603 exceptiones
1203 1550 1449 1591 cumulantur
1467 1551 1481 1590 ἓ

720 1774 764 1820 O
798 1774 841 1821 R
874 1774 922 1820 D
956 1775 1001 1820 O
1068 1775 1103 1821 Ι.

210 1896 804 1947 RANUNCULACEAE‚
848 1901 963 1938 LES
1008 1889 1610 1938 RENONCULACEES.

194 2006 419 2078 CAle
461 2028 764 2094 polyphyllus
788 2069 800 2086 ,
843 2029 1083 2076 interdum
1121 2028 1290 2075 nullus.
1328 2027 1487 2074 Petala
1522 2027 1630 2074 defi-

194 2091 293 2138 nita
313 2131 324 2148 ‚
355 2090 514 2156 saepius
579 2095 770 2157 uinque.
800 2092 1011 2140 Stamina
1040 2091 1285 2139 indefinita
1312 2093 1382 2150 (in
1402 2089 1632 2157 Myosuro

193 2153 414 2214 definita)
436 2175 447 2210 3
482 2109 685 2204 anatem:
720 2156 969 2203 filamentis
993 2155 1187 2204 adnatae.
1211 2156 1440 2203 Germina
1462 2155 1598 2218 plura
1617 2194 1630 2212 ,

192 2217 435 2265 indefinita
464 2234 545 2267 aut
579 2219 771 2267 definita
801 2220 980 2279 (rarius
1024 2223 1217 2268 unicum
1241 2223 1254 2278 )
1274 2257 1286 2277 ‚
1334 2219 1632 2282 receptaculo

192 2285 437 2330 communi
463 2283 708 2346 imposita3
747 2286 1002 2348 unicuique
1041 2284 1178 2352 stylus
1213 2285 1378 2330 unicus
1410 2296 1490 2329 aut
1524 2282 1633 2329 raro

193 2347 374 2399 nullus;
411 2347 574 2411 stigma
604 2346 812 2411 simplex.
847 2346 1056 2413 Capsulae
1099 2346 1300 2395 totidem
1328 2383 1343 2403 ‚
1369 2359 1451 2394 aut
1487 2347 1632 2393 rarius

194 2408 346 2457 baccae
368 2449 379 2468 ,
414 2412 462 2456 in
496 2411 594 2458 aliis
618 2410 956 2476 monospermae
982 2430 1079 2459 non
1111 2409 1423 2467 dehiscentes,
1454 2411 1501 2456 in
1532 2409 1633 2456 aliis

194 2471 500 2540 polyspermae
538 2474 661 2521 intus
705 2472 1029 2524 semibivalves
1053 2517 1064 2534 ‚
1115 2473 1406 2539 marginibus
1446 2470 1634 2520 semini-

195 2535 314 2584 ferae.
357 2538 616 2585 Corculum
657 2541 910 2587 minimum
953 2543 1001 2587 in
1039 2539 1237 2604 supernz'i
1273 2541 1473 2587 cavitate
1508 2539 1634 2601 peri-

197 2599 366 2665 spermi
411 2604 570 2650 cornei
622 2605 796 2668 magni.
844 2604 1002 2652 Cauiis
1045 2604 1327 2669 plerumque
1361 2601 1630 2650 herbaceus.

1302 2681 1394 2743 P4
