1845 2968
348 167 473 228 xxxij

346 258 569 299 referuntur
590 256 750 298 stamina
773 255 884 310 plura
899 284 908 302 ‚
935 253 1036 306 saepe
1058 253 1227 305 viginti,
1248 255 1362 297 calici
1386 257 1524 298 inserta
1536 270 1550 308 3
1568 257 1616 298 ad
1631 242 1794 310 Pol'yar'zae'

346 327 457 364 driam
485 325 701 376 adjunaam
729 324 864 364 eadem
892 319 990 361 vere
1015 319 1216 378 indefinita
1241 335 1285 362 ac
1316 323 1523 365 numerosa
1539 354 1552 373 ‚
1576 324 1687 365 calici
1709 336 1791 364 non

290 441 291 444 Ἴ
348 391 505 432 inserta.
531 390 678 430 Habita
704 389 791 429 dein
813 387 968 426 ratione
992 387 1270 439 proportionis
1293 388 1520 439 staminum,
1538 390 1699 431 nomine
1722 391 1795 429 Di-

352 460 527 512 dynamiae
554 458 597 497 δε
624 456 900 508 Tetradynamiae
926 453 1102 494 seorsum
1120 448 1268 494 adstant
1288 457 1327 495 in
1345 457 1458 498 classe
1481 457 1632 498 decima
1655 449 1795 510 quarta

352 525 394 564 δι
414 525 550 577 quinta
577 525 717 576 plantae
741 521 948 562 tetrandrae
974 521 1016 562 &
1040 522 1248 562 hexandrae
1271 527 1436 576 q'Uarum
1454 524 1614 564 stamina
1630 524 1712 563 duo
1729 523 1798 563 aus

352 603 523 644 quatuor
547 590 701 630 duobus
728 590 880 629 caeteris
907 588 1090 641 longiora
1120 589 1220 628 sunt.
1248 589 1414 631 Posthzi'e'
1438 589 1630 644 perpensa
1655 595 1796 631 eorum

352 659 600 698 connexione
616 686 628 703 ,
660 656 872 697 filamentis
891 656 929 694 in
951 668 1072 695 unum
1097 669 1161 696 aut
1185 656 1266 696 duo
1289 667 1356 696 aut
1380 646 1491 711 plura
1512 669 1685 711 corpora
1708 669 1800 698 con*

353 725 455 765 natis
477 724 621 775 triplex
646 723 760 763 datur
789 723 911 764 claffis
928 753 940 771 ‚
961 724 1102 777 nempe
1121 725 1400 776 Monadelplzia‚
1421 724 1644 778 Diadelplzia
1659 725 1699 764 δι
1721 726 1800 764 Po*

354 791 586 844 lyadelplzia3
611 803 662 830 ex
688 790 862 831 antheris
885 791 923 830 in
950 791 1174 844 cylindrum
1203 791 1359 830 coalitis
1381 793 1497 831 unica
1520 791 1673 832 eruitur
1695 793 1802 846 Syn-³

352 860 484 911 genesta
514 858 627 898 dieta.
660 857 769 897 Pone
803 857 906 897 subit
945 859 1160 911 Gynandria
1194 858 1306 910 cujus
1337 859 1498 898 stamina
1530 870 1620 898 cum
1653 856 1800 913 pistillo

355 926 613 966 concrescunt
648 936 716 965 aut
753 925 879 964 eidem
917 925 1092 965 insident.
1124 925 1324 965 Praeterita
1354 927 1393 965 in
1433 926 1585 966 vicenis
1622 925 1802 966 claffibus

356 993 498 1033 florum
526 992 941 1046 hermaphroditorum
969 991 1034 1032 seu
1057 992 1315 1032 bisexualium
1342 993 1440 1033 serie
1458 1020 1469 1042 ‚
1488 993 1685 1046 prodeunt
1710 994 1803 1034 uni·'

355 1060 529 1100 sexuales
548 1061 702 1101 masculi
732 1072 799 1100 aut
828 1060 1029 1107 foeminei,
1060 1073 1160 1114 quos
1199 1073 1301 1100 nunc
1332 1061 1468 1100 eadem
1494 1060 1624 1113 planta
1655 1060 1819 1101 mixtos-

355 1125 507 1180 profert
525 1127 565 1166 in
583 1128 793 1178 Μοιιοέεἱλ,
809 1140 912 1168 nunc
929 1128 1110 1167 distinetae
1131 1128 1271 1181 plantae
1285 1139 1426 1181 gerunt
1445 1128 1484 1167 in
1497 1128 1657 1167 Diozcia‘
1669 1158 1681 1176 ‚
1698 1133 1804 1168 nunc

356 1193 551 1233 interdum
589 1193 768 1247 quaedam
808 1193 1058 1244 promiscuos
1095 1194 1239 1234 habent
1272 1208 1359 1234 cum
1390 1194 1724 1247 hermaphroditis
1762 1195 1805 1235 in

357 1261 586 1314 Polygamii.
611 1260 893 1313 Congeruntur
927 1261 1085 1301 demum
1119 1261 1158 1300 in
1190 1262 1439 1314 Cryptogamisi
1471 1262 1609 1314 plantae
1635 1266 1804 1314 quarum
1843 1297 1845 1303 .

356 1327 477 1368 flores
505 1329 546 1368 δι
574 1329 664 1367 ideo
690 1328 850 1367 stamina
880 1340 962 1380 prae
989 1328 1177 1368 tenuitate
1200 1328 1375 1368 nondum
1404 1327 1611 1369 autminhs
1628 1327 1806 1369 innotesa
1833 1317 1845 1397 f

358 1406 473 1443 cunt,
500 1395 710 1435 obscurata
729 1395 838 1434 simul
858 1394 1020 1434 sexuum
1047 1394 1210 1436 afflone.
1230 1396 1411 1436 Claffium
1425 1396 1592 1436 diversae
1616 1394 1807 1437 seffiones
1835 1415 1838 1419 ·

361 1462 592 1514 plerumque
623 1461 864 1501 definiuntur
897 1462 1119 1513 germinum
1144 1473 1211 1502 aut
1242 1462 1436 1515 stylorum
1465 1475 1663 1512 numero,
1692 1474 1807 1504 com*

359 1532 466 1572 muni
484 1533 628 1571 horum
647 1531 687 1569 ὅ(
705 1530 863 1570 illorum
884 1530 1208 1571 denominatione
1226 1531 1332 1570 difiae
1348 1532 1594 1583 Monogynia,
1611 1530 1780 1584 Digynia
1793 1557 1809 1580 ,

366 1600 536 1651 Trigytzia
551 1628 562 1646 ‚
595 1599 808 1651 Tetragynia
826 1627 837 1645 ,
867 1599 1096 1651 Pentagym'a
1114 1630 1122 1639 .
1140 1630 1148 1638 .
1167 1629 1175 1637 .
1197 1599 1419 1651 Polygynia.
1447 1596 1644 1638 Interdilm
1668 1596 1808 1637 distin-⁴

358 1677 530 1717 guuntur
562 1664 728 1704 floribus
755 1666 868 1705 varie
895 1666 1145 1718 polygamis;
1173 1665 1386 1705 seminibus
1411 1678 1513 1704 nunc
1538 1664 1811 1718 gymnosperm‘is
1842 1692 1845 1693 ν

360 1732 498 1777 nudis,
518 1744 622 1771 nunc
645 1733 893 1784 angiospermis
913 1733 1136 1784 pericarpio
1159 1733 1291 1775 testim
1312 1732 1432 1772 frustm
1449 1731 1634 1785 filiquoso
1647 1741 1717 1772 aut
1729 1731 1809 1773 fili-⁶

359 1797 528 1847 culoso;
558 1797 727 1851 ipsomet
760 1798 965 1838 staminum
1001 1811 1168 1838 numero
1203 1798 1295 1838 dum
1327 1797 1429 1838 claffi
1459 1797 1700 1851 defignandae
1725 1804 1808 1840 non'

359 1862 531 1917 praefuit.

411 1930 640 1984 Systematis
668 1934 785 1986 hujus
809 1945 852 1973 ut
876 1934 916 1973 &
939 1935 1194 1988 praecedentis
1214 1935 1299 1975 aliae
1324 1935 1410 1975 sunt
1432 1932 1631 1974 laudandae
1655 1940 1807 1986 partes,

361 1997 448 2038 aliae
477 1998 768 2052 redarguendae.
806 2000 886 2040 121·ae
919 2002 1072 2040 caeteris
1105 2002 1303 2042 uniforme
1337 2002 1378 2041 &
1407 2009 1632 2040 accuratum
1659 1998 1701 2038 &
1736 2000 1808 2039 uni

360 2066 559 2118 principio
594 2066 804 2115 addifflus,
828 2080 967 2108 omnes
995 2083 1043 2109 ex
1068 2070 1182 2109 unica
1211 2079 1320 2122 parte
1346 2066 1519 2107 clafficos
1544 2067 1648 2106 eruit
1671 2079 1809 2107 carac-

359 2146 463 2172 teres
493 2133 545 2172 ita
574 2133 794 2173 delineatos
824 2146 869 2173 ac
901 2134 1246 2188 circumscriptos,
1275 2146 1316 2173 ut
1346 2133 1451 2174 facili
1484 2135 1648 2186 negotio
1680 2134 1811 2188 perci*
1841 2175 1845 2186 Ι

360 2200 519 2253 piantur
539 2200 579 2240 &
601 2201 743 2253 plantis
765 2203 948 2242 omnibus
974 2202 1157 2242 ordinate
1184 2201 1457 2241 distribuendis
1476 2215 1521 2240 ac
1543 2202 1621 2242 stne
1638 2197 1845 2255 praecep·t}

360 2277 448 2307 tore
476 2267 733 2320 agnoscendis
760 2269 995 2308 conducant.
1017 2268 1214 2322 Quaedam
1242 2268 1397 2320 insuper
1425 2268 1540 2319 huius
1567 2268 1699 2309 claffes
1726 2268 1810 2311 sere
1829 2253 1845 2282 ‘⁴

362 2334 527 2373 omnino
543 2335 736 2375 naturales
752 2336 942 2375 habentur
954 2364 967 2381 ‚
982 2347 1025 2374 ut
1041 2335 1373 2387 Tetradynamia‚
1389 2335 1668 2389 Monadelphia
1679 2366 1692 2384 ‚
1708 2334 1808 2376 Dia·

361 2398 517 2451 delphia
531 2431 540 2448 ‚
556 2402 806 2454 Syngenesia.
820 2402 892 2443 Sed
918 2411 968 2442 10.
988 2402 1156 2454 systema
1175 2403 1403 2444 tenuiffimis
1420 2403 1613 2443 interdum
1628 2402 1808 2442 innititur

360 2469 545 2519 organis,
569 2470 689 2509 oculo
717 2482 872 2510 armato
905 2469 945 2510 &
977 2483 1050 2509 acu
1079 2471 1291 2510 divellente
1321 2481 1415 2510 tunc
1437 2469 1641 2520 ‘difficilius
1670 2468 1809 2510 obsera

358 2535 521 2582 vandis,
545 2537 786 2588 ignoscendo
802 2548 931 2578 tamen
949 2538 1052 2577 vitio
1073 2538 1288 2578 molestiam
1305 2536 1581 2577 tantummodo
1598 2536 1641 2576 &
1661 2536 1812 2577 erroris

355 2616 503 2646 metum
539 2606 759 2649 inducente.
788 2618 843 2648 2⁰.
874 2606 1070 2647 Praeteressa
1096 2607 1349 2647 arbitrarium
1383 2605 1635 2658 systematico
1669 2615 1810 2652 more,

354 2673 447 2722 dum
474 2674 742 2728 multiplicatis
772 2675 948 2718 claffibus
969 2688 1108 2717 omnes
1138 2689 1276 2720 earum
1301 2674 1588 2728 designationes
1613 2683 1662 2712 ex
1690 2670 1811 2711 unica

1700 2745 1813 2791 parte
