1845 2968
165 2053 311 2086 Claffium

118 2101 219 2141 prima
229 2098 330 2129 distri-

122 2146 210 2175 butio
227 2155 244 2174 a
257 2154 330 2174 cor-

118 2189 179 2220 culi
199 2190 277 2220 lobis
298 2191 329 2220 ὅ(

117 2234 285 2265 Πτηιηυῐη

116 2281 295 2312 insertione.

344 123 478 184 xlviij

344 217 540 258 rationem
555 215 728 268 explicat
740 212 913 254 maxima
924 209 1088 250 corollae
1100 211 1267 255 affinitas
1276 225 1365 254 cum
1380 213 1609 257 staminibus
1617 224 1792 270 quorum

343 297 393 324 ex
413 283 526 323 dictis
548 297 584 333 p.
606 299 643 321 v.
668 281 720 334 vj.
741 279 807 329 xvj
862 289 958 317 vera
977 276 1032 316 est
1053 278 1247 330 appendix
1262 280 1303 320 δι
1321 280 1429 334 quasi
1450 295 1540 334 pars
1562 281 1793 327 luxurians,

339 363 394 391 ex
420 349 564 390 eodem
595 345 847 400 receptaculo
877 354 1005 383 enata.
1028 343 1127 383 Haec
1150 344 1244 385 diim
1270 346 1362 399 ipsis
1387 360 1469 388 non
1493 348 1666 390 adhaeret
1685 378 1699 397 ,
1727 347 1796 388 mi·

341 418 454 457 noris
490 417 545 457 est
589 414 812 459 momenti3
848 411 942 451 dum
979 411 1120 451 contra
1153 424 1245 452 cum
1274 413 1410 455 iisdem
1445 415 1544 456 insta
1574 415 1761 457 coalescit
1781 443 1798 461 ,

339 496 437 525 tunc
464 483 570 536 quasi
601 478 837 520 staminisera
869 490 916 517 ac
953 477 1119 517 subinde
1157 479 1373 521 necessarii>
1403 482 1599 532 existens,
1626 481 1796 522 fulcrum

340 549 461 591 refert
499 546 774 588 intermedium
812 544 924 596 cujus
959 544 1124 597 propria
1160 544 1326 585 insertio
1356 546 1552 588 stamineae
1591 540 1799 589 insertioni

342 617 578 669 subrogata,
609 615 700 654 huic
728 613 894 654 omnino
922 612 1123 653 affimilata
1145 643 1157 659 ,
1185 614 1382 654 conversa
1404 615 1443 654 in
1469 616 1705 657 cam&erem
1737 613 1802 657 es-

342 683 544 725 sentialem
567 712 579 730 ‚
604 694 694 721 cum
723 681 850 720 tribus
886 679 1088 733 praemiffis
1115 679 1399 721 insertionibus
1428 681 1607 723 seorsum
1643 695 1796 724 conve-

345 752 414 790 nit.
451 748 546 788 lude
570 750 725 803 stamina
762 747 899 786 corolla
929 747 1069 788 'adnexa
1106 746 1274 786 habentur
1301 750 1402 800 quast
1431 749 1559 802 inserta
1587 751 1684 799 pam·
1713 761 1799 789 amc

346 816 580 867 corolliserae3
608 815 700 855 inde
728 815 847 855 etiam
873 814 1016 866 triplex
1043 813 1241 866 ipsiusmet
1270 815 1435 855 corollae
1467 814 1717 856 staminiferae
1740 817 1801 856 di-

349 883 561 924 versiffima
583 894 689 923 extat
707 882 894 929 insertio,
915 880 1055 932 nempe
1073 880 1295 933 hypogyna
1308 912 1320 930 ,
1336 883 1510 934 epigyna
1527 884 1567 922 ὅ(
1583 883 1777 936 perigyna
1789 914 1803 934 ,

346 952 389 991 in
417 950 559 992 eodem
591 949 731 989 ordine
763 948 965 1000 nunquam
993 947 1240 999 promiscua,
1270 947 1309 986 in
1339 947 1514 988 Labiatis
1545 948 1804 1004 semper'hy·

344 1030 534 1072 pogyna,
563 1018 603 1057 in
631 1016 877 1069 Compositis
906 1016 1092 1069 epigyna.

398 1085 559 1138 Duplex
591 1085 710 1138 igitur
738 1084 904 1125 corollae
932 1083 1128 1123 beneficio
1153 1085 1347 1136 generalis
1382 1085 1550 1126 habetur
1579 1084 1725 1126 modus
1743 1085 1808 1125 in-

346 1153 562 1194 sertionum
595 1154 794 1193 notandus
823 1151 958 1192 sedule
981 1183 993 1201 ,
1026 1152 1124 1192 alter
1154 1153 1374 1191 immediatus
1403 1153 1498 1193 dum
1526 1152 1690 1192 stamina
1721 1165 1807 1193 me-

348 1232 509 1262 morato
537 1222 683 1274 triplici
708 1221 857 1275 punem
886 1220 1113 1260 immediate
1133 1221 1373 1272 affiguntur,
1397 1222 1495 1261 alter
1517 1221 1693 1259 medianas
1710 1219 1807 1261 ditm

347 1288 478 1329 eidem
505 1288 707 1328 adhaerent
735 1288 932 1328 mediante
963 1287 1117 1327 corolla
1142 1301 1231 1340 quae
1257 1300 1350 1327 tunc
1374 1286 1457 1340 ipsa
1483 1287 1537 1327 est
1559 1285 1810 1327 ssaminifera.

349 1358 529 1409 Uterque
563 1356 706 1396 modus
734 1356 774 1394 in
803 1355 946 1395 eodem
982 1366 1125 1406 genere
1155 1355 1197 1394 δε
1231 1355 1270 1393 in
1301 1354 1444 1394 eodem
1471 1354 1572 1394 flore
1606 1353 1809 1404 interdurn

348 1424 615 1469 commixtus,
643 1422 772 1463 affinis
792 1421 957 1461 subinde
979 1423 1089 1461 certo
1115 1420 1312 1474 judicatur
1327 1451 1340 1471 ,
1371 1421 1495 1461 modo
1521 1424 1653 1462 tamen
1669 1422 1808 1462 eadem

348 1491 396 1530 sit
423 1491 624 1543 utriusque
652 1490 770 1542 origo
797 1490 839 1529 δι
863 1489 985 1529 fimile
1016 1489 1244 1529 insertionis
1271 1489 1471 1542 punEtum.
1489 1489 1553 1529 Sic
1573 1490 1614 1529 in
1628 1489 1808 1530 Trifolio

349 1558 560 1612 perigynia
581 1557 805 1597 immediata
827 1557 976 1609 signato
993 1587 1004 1604 ‚
1027 1556 1207 1609 quaedam
1231 1557 1380 1609 species
1402 1556 1577 1596 eamdem
1599 1556 1809 1597 mediatam

346 1626 538 1666 exhibent
558 1655 570 1670 ‚
600 1625 742 1678 nempe
772 1623 966 1664 corollam
995 1623 1273 1663 staminiferam
1299 1623 1508 1676 ipsammet
1538 1623 1810 1676 perigynarn‚·

347 1693 388 1731 in
414 1692 578 1732 Dianthi
603 1693 703 1732 flore
736 1692 877 1731 dantur
905 1691 1066 1730 stamina
1098 1691 1274 1743 quinque
1302 1691 1530 1731 immediate
1557 1691 1809 1743 hypogyna,

347 1760 390 1798 &
414 1759 542 1812 petala
565 1760 739 1812 quinque
756 1759 816 1797 his
832 1758 1084 1806 alternantia,
1108 1757 1346 1798 staminifera
1368 1757 1480 1797 simul
1504 1757 1546 1796 δι
1573 1757 1811 1810 hypogyna.

345 1825 450 1866 Tres
476 1827 565 1867 ideb
593 1827 803 1880 praecipuae
832 1824 919 1864 sunt
950 1825 1183 1865 insertiones
1207 1825 1256 1863 ab
1278 1812 1453 1864 inxicem
1470 1824 1636 1864 omnino
1661 1822 1810 1864 discre-

341 1905 482 1944 pantes
514 1895 556 1933 &
577 1895 615 1932 in
646 1893 855 1933 ordinibus
878 1893 1078 1944 nunquam
1109 1891 1353 1944 conjunGlae,
1374 1905 1464 1945 quae
1483 1890 1642 1943 singulae
1669 1890 1711 1929 in
1734 1890 1810 1930 du-

343 1960 487 2012 plicem
516 1963 606 2000 rarb
635 1961 923 2000 miscellaneam
941 1990 952 2008 ,
973 1962 1112 1999 mutuo
1141 1972 1272 1999 tamen
1298 1959 1454 2000 affinem
1483 1958 1732 1998 dividuntur.

399 2027 605 2080 Perspeffli
631 2027 838 2066 staminum
864 2027 1078 2068 insertione
1107 2028 1147 2067 δι
1176 2027 1327 2067 statutis
1355 2025 1528 2078 ejusdem
1554 2024 1727 2077 legibus,
1755 2024 1812 2066 fa·
1840 2078 1845 2084 ι

349 2095 435 2136 cilis
470 2095 622 2135 eruitur
655 2094 783 2147 prima
814 2093 984 2133 claffium
1015 2093 1298 2146 praemissarum
1335 2092 1572 2132 distributio.
1608 2092 1811 2145 Acotyle-

352 2164 476 2203 dones
501 2162 670 2203 sexubus
695 2162 767 2200 vix
792 2160 1021 2213 conspicuis
1046 2159 1087 2198 &
1114 2159 1327 2199 obscurato
1355 2159 1563 2198 staminum
1591 2158 1663 2199 situ
1680 2190 1693 2209 ,
1713 2157 1813 2199 clas-

351 2230 465 2271 sicam
484 2231 634 2270 idcircb
650 2239 851 2282 nequeunt
869 2227 1045 2268 sufficere
1056 2238 1190 2266 notam
1212 2227 1251 2266 δι
1266 2227 1422 2266 interim
1437 2225 1617 2266 indivisae
1630 2225 1810 2279 perflant.

350 2298 571 2350 Tripartitb
602 2297 834 2337 scinduntur
860 2295 1262 2348 Monocotyledones
1285 2296 1443 2334 ratione
1473 2292 1698 2334 insertionis
1726 2295 1811 2346 epi·

350 2377 498 2418 gynae,
535 2366 770 2417 hypogynae
812 2365 854 2403 ὃ(
893 2364 1128 2416 perigynae,
1166 2375 1246 2402 non
1288 2361 1467 2403 obstante
1501 2360 1659 2401 corona
1687 2360 1729 2399 in
1759 2359 1810 2400 iis

350 2433 503 2484 semper
527 2433 748 2472 deficiente.
778 2430 926 2471 Similis
953 2444 1002 2470 ex
1025 2430 1174 2483 triplici
1196 2429 1414 2470 insertione
1431 2428 1642 2469 deducitur
1658 2426 1811 2467 trifaria

351 2488 709 2551 Dicotyletlonum'
727 2498 920 2553 partitio,
952 2510 1204 2550 unaquaeque
1233 2495 1499 2550 complestens
1530 2506 1613 2535 tum
1648 2493 1811 2534 stamina

352 2567 421 2608 uni
446 2566 556 2607 floris
569 2566 714 2619 punsso
738 2565 882 2608 inserta
897 2595 910 2616 ,
933 2576 1018 2607 tum
1039 2565 1215 2608 corollas
1237 2563 1497 2606 staminiferas
1518 2561 1645 2602 eidem
1663 2561 1811 2613 puncto

1655 2626 1810 2668 infixas.
