1845 2968
1398 105 1508 162 xxiij

71 195 336 257 constituens,
363 211 456 252 huic
486 220 616 251 tamen
645 209 932 263 promovendae
961 208 1172 260 plurimum
1203 208 1388 253 confert,
1422 210 1512 249 ideo

73 290 157 318 non
177 278 410 331 aspernanda
432 278 496 318 sed
523 278 760 318 elaboranda
787 278 1094 322 accuratius,-ut
1122 274 1291 314 faciliori
1312 275 1515 316 locutione

71 344 365 396 conjunffiores
388 344 569 384 Botanici
590 345 724 384 mutuffa
748 344 971 397 promptiuS
988 342 1214 383 erudiantur
1233 341 1517 381 observatione

72 421 141 451 aut
160 412 424 453 meditatione.
457 411 566 451 Nihil
598 412 690 452 utile
710 424 758 451 ex
778 412 972 451 Veterum
1004 409 1155 464 scriptis
1180 409 1392 449 eruendum
1407 440 1418 457 ‚
1443 410 1514 461 qui

71 489 145 519 nec
167 489 276 532 aptas
298 479 441 532 saepius
458 479 739 533 descriptiones
754 492 824 519 nec
839 480 998 519 nomina
1012 476 1268 518 immutabilia
1287 476 1488 530 protulere
1500 507 1512 524 ‚

73 543 116 583 &
139 544 235 598 inde
262 544 392 598 plures
415 547 558 586 horum
582 545 724 598 plantae
752 546 792 583 in
818 544 889 584 usu
914 545 1068 585 medico
1100 554 1266 596 receptae
1293 555 1397 582 nunc
1425 543 1511 581 nul-

67 609 222 652 latentis
252 611 501 653 innotescunt
528 612 676 652 defeau
703 622 896 651 accuratae
927 611 1208 664 descriptionis.
1245 609 1321 648 His
1359 608 1513 648 succes-

70 676 158 718 sere
182 678 261 718 viri
280 679 320 717 in
348 692 391 719 re
408 679 593 718 botanica
621 678 829 730 peritiores
846 708 857 724 ‚
890 677 954 717 sed
973 678 1147 717 nondum
1173 676 1290 717 certis
1312 675 1415 715 circa
1442 687 1516 714 no-

51 733 374 786 ⁴menclationem
395 744 599 798 principiis
617 743 742 782 innixi
763 744 859 783 &in
886 743 1150 783 describendis
1175 742 1316 796 plantis
1337 739 1519 781 contrac-

69 811 193 852 tiores
219 823 286 852 aut
314 811 440 852 diffusi
471 810 586 849 nimis
609 840 620 857 ,
649 810 824 850 medium
853 822 988 850 tenere
1016 809 1145 849 nescii.
1170 809 1254 849 Nec
1280 809 1307 848 ii
1332 807 1518 861 profuere

67 877 259 927 scientiae,
276 879 343 932 qui
369 877 629 929 descriptione
653 877 693 916 &
716 878 877 917 nomine
900 877 1012 916 simul
1030 876 1246 927 conjunetis
1274 876 1424 928 plantas
1449 875 1517 915 de-

68 944 267 997 signabant
292 943 523 983 definitione
553 943 719 996 phrasim
755 943 940 996 integram
967 943 1193 996 adaequante
1211 972 1222 990 ,
1252 955 1339 995 quae
1372 942 1516 995 speciei

66 1010 317 1052 nominandae
338 1010 557 1063 prolixior,
587 1009 855 1050 describendae
875 1011 1001 1062 impar
1029 1011 1190 1050 evadit:
1216 1011 1305 1050 inde
1333 1010 1519 1050 mendosa

64 1077 326 1130 praecedentis
354 1077 474 1118 seculi
510 1076 777 1117 nomenclatio
816 1079 836 1116 ‘a
862 1077 1153 1117 Tournefortio
1183 1083 1201 1100 ‘³
1229 1077 1384 1117 admissa
1415 1090 1515 1130 pro-

64 1144 258 1197 gredienti
284 1143 458 1186 scientiae
490 1158 643 1185 moram
672 1145 920 1198 interposuit.
946 1146 1053 1185 Huic
1080 1145 1177 1184 vett
1203 1145 1413 1184 maximam
1430 1144 1519 1184 tulit

65 1224 184 1266 opem
198 1213 408 1262 Linnaeus‚
422 1212 514 1253 dum
529 1212 667 1253 solutis
687 1206 881 1265 phi-assum
900 1212 1170 1251 botanicarum
1185 1212 1353 1250 vinculis
1367 1211 1517 1263 plantas

67 1292 206 1320 omnes
227 1280 373 1335 duplici
396 1280 547 1320 tantum
569 1279 760 1332 inscripsit
782 1280 962 1327 nomine,
985 1278 1110 1318 altero
1137 1279 1324 1330 generice
1348 1278 1513 1317 substan-

66 1347 182 1395 tivo,
205 1346 331 1388 altero
353 1347 548 1399 adjefflvo
569 1346 637 1387 seu
660 1346 869 1399 specifico,
886 1346 1101 1384 caracteres
1119 1345 1309 1396 praeterea
1328 1345 1516 1384 exhibens

65 1414 109 1454 in
129 1413 396 1467 descriptione
429 1415 634 1467 adaequata
653 1445 664 1462 ‚
694 1414 827 1454 verbis
865 1412 1168 1465 significantibus
1190 1443 1201 1460 ,
1230 1410 1349 1449 m'ulta
1381 1410 1517 1463 paucis

67 1481 289 1534 exprimens
316 1480 405 1533 stilo
433 1481 630 1521 technico.
665 1481 833 1533 Regulas
870 1481 1027 1533 insuper
1062 1491 1144 1518 tum
1181 1477 1515 1517 nomenclationis

64 1557 149 1588 tum
179 1547 454 1601 descriptionis
482 1548 640 1588 tradidit
664 1578 677 1593 ,
705 1547 911 1600 plerasque
941 1548 1112 1600 optimas
1140 1547 1181 1586 &
1208 1545 1423 1597 generatim
1449 1544 1514 1583 ad—

63 1614 272 1656 mittendas
289 1644 303 1661 ,
341 1614 526 1668 quasdam
556 1614 662 1655 forte
698 1615 952 1654 infirmandas
974 1613 989 1639 b
1013 1614 1054 1654 δι
1081 1613 1231 1666 ipsimet
1255 1625 1336 1651 non
1365 1612 1504 1652 sacras.

61 1681 136 1722 Sic·
159 1681 325 1734 sapienti
357 1682 474 1734 hujus
506 1683 684 1723 instituto
712 1695 856 1722 nomen
886 1682 1081 1735 getzericum
1110 1680 1186 1721 effe
1218 1679 1332 1739 debet
1364 1679 1512 1718 immu-

111 1881 131 1899 α
154 1870 220 1908 Ille
244 1881 365 1908 tamen
392 1872 722 1911 nomenclationem
746 1871 1008 1911 emendandam
1027 1870 1211 1919 judicans,
1229 1868 1346 1906 aiebat
1363 1868 1400 1903 in
1415 1864 1508 1913 Isag.

62 1946 145 1982 pag.
164 1940 222 1980 63.
243 1939 289 1981 64
309 1949 317 1971 :
338 1934 503 1972 Nomina
523 1933 602 1973 sunt
624 1935 788 1982 quaedam
812 1934 923 1973 veluti
942 1933 1168 1971 definitiones
1186 1960 1196 1976 ,
1223 1943 1372 1977 quarum
1396 1930 1509 1975 prima

61 2011 134 2035 vox
156 2010 291 2045 genus,
309 2009 441 2036 caeterae
464 1996 706 2036 differentiam
732 1999 935 2044 exprimunt
951 2025 958 2033 .
977 2025 985 2034 .
1005 2025 1014 2033 .
1031 1996 1193 2033 Nomina
1215 1993 1281 2030 sint
1304 1992 1428 2029 brevia
1442 2019 1451 2028 .
1468 2018 1477 2028 .
1495 2020 1505 2030 .

63 2060 240 2099 nonnulla
259 2061 453 2107 prolixiora
471 2064 530 2099 vix
553 2075 626 2099 uno
645 2061 767 2109 spiritu
790 2059 952 2098 sustineri
975 2057 1117 2105 possunt
1135 2086 1143 2094 .
1166 2087 1173 2095 .
1192 2085 1200 2094 .
1216 2055 1320 2094 Aliud
1337 2054 1388 2093 est
1404 2055 1506 2102 plan-

62 2125 332 2172 tam‘appellare
346 2155 360 2170 ,
378 2125 475 2164 aliud
492 2124 712 2164 describere.

110 2202 126 2228 b
152 2190 207 2226 Sic
236 2190 414 2228 vocabula
440 2204 481 2228 ex
507 2203 626 2239 graeco
653 2196 687 2229 δέ
716 2189 830 2227 latino
855 2187 958 2226 fonte
985 2201 1057 2224 non
1085 2185 1239 2223 deducta
1265 2198 1358 2222 nunc
1386 2183 1503 2231 palam

61 2253 179 2301 rejicit
208 2267 302 2291 nunc
327 2255 453 2300 recipit
483 2253 637 2293 facilius.
667 2255 723 2292 Sic
752 2254 861 2290 etiam
889 2251 1083 2290 vernacula
1106 2248 1297 2287 excludens
1322 2249 1471 2286 nomina
1490 2275 1502 2290 ,

61 2315 146 2355 licet
170 2315 375 2354 barbariem
398 2330 469 2354 non
492 2317 679 2356 redoleant
698 2315 892 2363 antiquitus
919 2326 1060 2361 recepta
1086 2317 1120 2349 &
1147 2311 1255 2350 latine
1282 2309 1503 2354 dcfinentia,

61 2380 250 2427 supprimit
284 2379 521 2418 Adlzatodam
538 2411 550 2427 ,
587 2379 760 2418 Calabam
779 2409 790 2423 ‚
820 2379 959 2418 ce'z'bam
979 2410 990 2425 ‚
1036 2377 1262 2430 Gunzumam
1280 2404 1291 2420 ,
1334 2372 1474 2422 Isbram
1490 2404 1502 2419 ,

61 2443 257 2484 Ketmiam
272 2476 282 2491 ‚
308 2444 600 2494 Manfanillam,
629 2444 887 2482 Guanaharzum
901 2474 911 2490 ‚
934 2442 1144 2480 Gua'iavam
1163 2470 1174 2485 ,
1200 2438 1390 2489 Papayam
1406 2466 1417 2482 ,
1439 2437 1506 2474 Sa·
1565 2457 1570 2460 -

57 2520 184 2558 potam
201 2540 212 2556 ,
247 2508 404 2557 Tapiam
421 2505 486 2546 &a
508 2538 519 2554 ,
542 2507 670 2555 quibus
701 2508 760 2546 sua
781 2506 980 2552 substituit,
1008 2504 1052 2542 ab
1080 2503 1198 2542 edisio
1225 2514 1345 2539 tamen
1375 2501 1505 2547 princi-

61 2574 124 2620 pio
137 2572 278 2612 aliunde
296 2572 488 2611 deflectens
501 2571 653 2610 admillis
668 2571 858 2610 Mammeci
878 2603 888 2617 ‚
912 2569 1059 2620 Bzzselld
1075 2598 1084 2614 ‚
1108 2566 1222 2605 Yucca'*
1235 2598 1246 2613 ,
1262 2566 1371 2604 Humi
1385 2597 1395 2612 ‚
1429 2563 1501 2602 Tu-

63 2636 140 2684 lipd
156 2668 168 2684 ,
207 2637 374 2677 carcanus
388 2664 401 2685 ‚
426 2636 566 2684 Genipd
589 2633 653 2677 &a

1185 2694 1214 2741 b
1252 2695 1327 2757 ivr--
