1845 2968
355 163 480 197 XXXV

354 164 618 267 tatem,tacite
648 233 716 263 aut
745 221 873 274 palam
905 214 1125 266 agnoscunt
1154 212 1338 257 Botanici
1367 217 1566 268 principes
1595 225 1680 255 tum
1707 219 1818 255 ante²

356 294 525 336 cessores
551 303 636 332 tum
662 289 703 328 &
725 284 903 326 hodierni
925 311 937 329 ‚
966 291 1139 332 quorum
1165 291 1233 319 aut
1255 280 1415 322 labores
1440 281 1487 321 ad
1516 280 1634 332 hujus
1663 280 1811 339 disqui-

357 361 537 402 {itionem
569 355 743 409 speftant
759 384 771 401 ,
794 363 860 391 aut
881 347 1139 400 systematicae
1166 346 1296 388 claffes
1314 349 1435 402 ipsam
1457 342 1689 398 imitantur,
1708 342 1810 402 saepe

356 439 489 469 tamen
519 424 770 476 improspero
801 417 911 457 exitu
941 414 1108 468 suscepti
1134 414 1270 468 operis
1294 415 1562 458 difficultatem
1583 426 1786 468 arguente.

406 493 606 534 Diverlos
639 492 739 528 inter
761 487 938 526 Antores
968 483 1037 536 qui
1070 481 1224 522 felicius
1251 482 1292 521 in
1321 482 1588 537 investiganda
1623 481 1816 523 methodo

356 560 523 601 naturali
553 555 820 601 desudarunt,
854 549 1051 604 praecipui
1087 549 1228 588 dantur
1260 548 1475 601 Linnaeus‚
1502 551 1619 592 Bern.
1651 549 1815 590 Juffaeus

356 629 399 668 δι
420 625 680 668 Adansonius.
707 622 941 673 Fragmenta
969 618 1160 658 naturalia
1187 617 1338 670 primus
1356 617 1479 658 edidit
1503 618 1685 659 Linnaeus
1708 631 1815 657 anno

360 694 459 747 1738
478 694 543 745 (in
560 691 666 743 Claffi
683 690 808 730 Plant.
823 688 840 741 )
855 719 866 738 ,
886 685 1111 740 pluriesque
1132 686 1220 725 dein
1242 685 1470 725 emendavit
1485 716 1498 735 ‚
1517 685 1663 726 nullam
1681 696 1816 726 tamen

356 775 499 802 eorum
526 759 690 798 fabricae
719 770 765 795 ac
793 754 1062 808 dispositionis
1087 753 1282 794 rationem
1310 753 1513 804 adjiciens.
1542 753 1716 810 prdines
1741 765 1816 793 na-

353 827 501 867 turales
535 824 768 878 jampridem
796 822 973 864 consulte
1008 821 1237 862 elaboratos
1276 834 1383 861 anno
1422 834 1520 873 1759
1551 819 1712 876 Juss'gus
1737 819 1818 860 dis-

354 893 488 948 posuit
516 894 555 931 in
584 893 707 931 horto
732 890 844 942 regio
869 888 1135 928 Trianonenfi
1151 920 1162 938 ,
1187 901 1291 941 quos
1314 887 1384 926 fibi
1414 887 1546 928 minus
1576 887 1701 927 fidens
1719 899 1819 927 nun-

353 960 476 1014 quam
500 958 614 998 antea
641 957 967 1009 promulgaverat
985 959 1002 976 ⁴
1022 954 1093 993 nisi
1120 955 1161 993 in
1193 954 1454 993 familiaribus
1474 954 1690 1007 colloquiis
1708 984 1721 1003 ,
1743 965 1818 993 nec

353 1025 516 1082 posthac
545 1024 660 1065 ausus
677 1024 730 1064 est
750 1024 862 1076 prelo
885 1021 1080 1073 subjicere
1094 1052 1106 1070 ,
1130 1021 1271 1074 utpote
1288 1022 1465 1062 nondum
1484 1021 1709 1076 ipsojudice
1727 1020 1827 1068 satis,

352 1095 626 1136 confirmatos.
659 1093 782 1131 Anno
817 1091 912 1144 1763
943 1091 1165 1143 plantarum
1190 1088 1374 1128 Familias
1392 1089 1594 1142 principiis
1618 1090 1658 1128 in
1679 1087 1819 1144 praefa-

351 1162 462 1201 tione
485 1158 673 1212 expositis
703 1156 978 1210 superstru&as
1008 1155 1177 1208 protulit
1200 1154 1465 1196 Adansonius.
1493 1155 1662 1208 Singulis
1676 1155 1816 1196 Auto-

351 1229 463 1268 ribus
492 1227 566 1267 suae
596 1225 681 1264 sunt
707 1224 928 1264 tribuendae
958 1223 1097 1263 laudes
1126 1235 1224 1275 quas
1252 1233 1385 1263 tamen
1401 1223 1464 1263 hic
1486 1237 1671 1264 enarrare
1691 1236 1738 1263 ac
1757 1222 1814 1275 fu-

299 1316 301 1318 ·
351 1297 460 1336 dicio
485 1294 726 1334 confirmare
747 1291 924 1331 nondum
951 1289 1135 1342 expedit,
1153 1302 1243 1330 cum
1265 1290 1380 1331 antea
1402 1291 1600 1332 tradendae
1621 1291 1696 1331 fint
1710 1291 1816 1344 leges

353 1362 530 1401 methodi
545 1358 895 1410 naturalis‚quibus
909 1356 1197 1410 rite'perpensis
1209 1356 1301 1396 &in
1314 1370 1548 1410 perpetuum
1561 1358 1818 1412 consignatis,
1844 1380 1845 1384 =

352 1428 440 1468 dein
458 1428 640 1468 virorum
653 1426 811 1466 labores
823 1423 974 1477 aequitis
982 1423 1266 1476 judicabuntur
1278 1437 1500 1479 eorumque
1510 1425 1653 1467 merita
1665 1426 1813 1468 certius
1843 1427 1845 1431 “

162 1573 311 1608 Methodi

117 1621 269 1653 naturalis
293 1633 330 1653 o-

118 1666 214 1697 bices.

351 1495 597 1535 eminebunt.

406 1563 621 1602 Methodus
641 1563 829 1604 naturalis
846 1595 858 1612 ,
889 1577 1030 1604 verum
1056 1563 1097 1603 δι
1125 1564 1321 1618 optimum
1349 1563 1522 1604 scientiae
1538 1563 1810 1617 propositum,

350 1631 568 1673 Botanicos
580 1631 693 1672 latuit
711 1633 887 1672 &adhuc
906 1632 1047 1685 partim
1062 1632 1155 1671 latet
1169 1631 1320 1671 defe&u
1337 1631 1578 1684 cognitionis
1590 1632 1810 1684 plantarum

352 1702 530 1742 omnium
547 1700 856 1740 ordinandarum
869 1701 910 1738 ὃ(
922 1699 1209 1752 principiorum
1221 1699 1507 1739 ordinantium.
1522 1709 1574 1737 10.
1585 1698 1743 1738 Entium
1753 1711 1812 1739 re-

349 1771 448 1808 verit
465 1767 600 1820 nequit
615 1768 842 1807 continuata
856 1767 1017 1806 stabiliri
1035 1768 1177 1813 series,
1191 1767 1261 1807 nisi
1279 1767 1388 1820 prius
1402 1767 1649 1806 innotuerint
1662 1765 1811 1806 omnia.

353 1835 618 1887 Quotidianis
643 1834 805 1887 prosunt
836 1834 1011 1874 inventis
1039 1834 1377 1887 peregrinationes
1406 1827 1810 1883 botanicae3ex5tica

348 1914 480 1941 tamen
504 1899 610 1940 forte
636 1900 843 1954 supersunt
866 1900 977 1953 plura
996 1900 1212 1953 detegenda
1232 1902 1350 1954 quam
1371 1901 1512 1942 dantur
1536 1900 1708 1949 detesta,
1734 1912 1807 1940 nec

347 1967 522 2020 unquzim
565 1967 753 2019 speranda
793 1968 973 2006 omnium
1012 1967 1261 2008 existentium
1292 1967 1473 2008 absoluta
1508 1968 1700 2020 cognitio.
1731 1966 1808 2007 Sed

351 2035 500 2074 cunslae
531 2034 625 2074 licet
653 2035 830 2074 nondum
862 2035 934 2074 sint
966 2036 1183 2089 exploratae
1219 2036 1370 2076 telluris
1403 2035 1585 2087 regiones
1606 2064 1618 2083 ,
1652 2044 1808 2075 caeterae

349 2101 610 2142 nihilominus
636 2103 660 2143 a
684 2103 939 2156 Geographis
960 2105 1000 2143 in
1025 2105 1167 2158 mappa
1187 2104 1323 2144 sedulo
1347 2113 1533 2143 notantur
1550 2101 1622 2142 suo
1638 2115 1807 2156 quaeque

344 2168 439 2209 loco
466 2169 675 2222 (lisposltae.
699 2170 904 2222 Quamvis
931 2171 1049 2210 etiam
1081 2171 1276 2211 numerosi
1306 2171 1343 2210 in
1365 2171 1503 2211 catena
1530 2171 1651 2212 desint
1673 2170 1823 2211 annuli,

344 2236 483 2289 procul
511 2236 670 2290 dispersi
691 2268 703 2285 ‚
736 2237 869 2290 plures
905 2238 1099 2277 habentur
1130 2239 1245 2278 facile
1277 2238 1534 2279 connectendi
1563 2239 1602 2278 in
1631 2194 1845 2290 diversas}

345 2314 494 2342 catenae
516 2316 646 2356 partes
673 2317 762 2357 quoe
789 2305 949 2357 postltzic
978 2305 1141 2346 diverso
1164 2318 1345 2360 tempore
1363 2308 1484 2347 novis
1507 2307 1662 2347 annulis
1681 2307 1804 2346 inter-

343 2369 484 2410 mediis
511 2371 673 2421 juntstae,
699 2371 958 2425 paucioribus
985 2372 1129 2413 sensim
1149 2374 1286 2428 spatiis
1314 2374 1653 2415 intervacantibus
1669 2374 1804 2415 distin·

356 2464 1800 2490 h——U———u——md

395 2538 411 2554 ‘¹
431 2535 482 2570 Ut
507 2547 624 2572 autem
655 2539 797 2587 integer
824 2540 913 2576 tanti
941 2540 1006 2576 viri
1032 2540 1138 2577 labor
1162 2541 1368 2579 innotescat
1392 2547 1427 2580 &
1452 2554 1535 2579 cum
1555 2540 1689 2578 caeteris
1713 2553 1799 2578 con-

347 2596 508 2643 feratur,
527 2604 720 2639 memorati
740 2601 886 2640 ordines
913 2601 972 2639 hic
995 2604 1031 2640 in
1053 2607 1212 2651 ptoaemii
1237 2605 1308 2644 fine
1337 2603 1647 2655 transcribuntur,
1675 2603 1798 2652 quales

346 2657 511 2699 exhibuit
529 2660 605 2701 ttim
621 2664 659 2703 in
681 2663 790 2705 horto
807 2666 1047 2706 Trianonenli
1062 2698 1074 2716 ,
1089 2668 1165 2708 ttim
1177 2670 1213 2708 in
1226 2668 1346 2710 indice
1357 2667 1502 2717 propria
1513 2681 1626 2708 manu
1636 2679 1798 2707 exarato.
