1845 2968
1357 137 1502 198 xxxiii

63 236 176 282 parte
205 230 370 270 molitur
396 228 657 282 depromere3
683 237 776 267 tunc
804 225 1024 267 solidorum
1049 225 1290 267 caraaerum
1315 228 1505 281 penuria,

61 294 327 336 essentialibus
352 294 577 349 promiscue
602 293 709 334 addit
725 293 988 334 inconstantes
1007 305 1110 346 quos
1133 293 1251 332 etiam
1273 295 1414 346 utpote
1430 308 1506 334 nu-

60 362 299 404 merofiores
330 361 576 415 frequentius
603 361 792 415 usurpat,
823 360 1022 414 prioribus
1053 360 1285 414 plerumque
1310 361 1507 412 negleffis.

60 426 159 469 Inde
179 429 386 482 primarias
408 441 458 469 ex
479 428 683 468 staminum
709 439 874 467 numero
897 428 936 466 δι
960 427 1221 481 proportione
1244 437 1359 467 notas
1382 418 1510 467 minus

61 494 218 536 stabiles
236 496 430 537 deducens
445 527 456 546 ‚
470 495 671 536 discordes
686 495 727 534 in
741 493 876 533 iisdem
894 493 1126 535 sefflonibus
1141 496 1320 548 congerit
1334 495 1510 548 planta3‚

55 562 107 601 'in
130 552 323 602 Diandria
357 562 476 615 Piper
505 563 547 602 δε
574 561 812 609 Jasminum,
850 561 891 598 in
916 560 1127 600 Triandria
1150 561 1436 603 Tamarindum
1465 561 1511 600 &

61 626 209 668 Itidem
229 659 242 678 ‚
271 628 311 668 in
342 628 582 668 Tetrandria
618 626 790 666 Rubiam
817 625 860 665 &
889 625 1148 679 Evonymum
1168 655 1182 676 ‚-
1207 629 1248 668 in
1272 628 1510 684 Pentandriai

61 693 279 734 Primulam
308 696 351 735 δε
380 694 585 741 Coffeam,
613 692 777 733 Ulmum
803 691 845 730 δε
869 692 1075 742 Cicutam,
1103 694 1142 732 in
1167 694 1392 735 Hexandria
1414 695 1510 736 Ber-

62 759 242 800 beridem
275 762 316 800 &
341 761 638 814 Hyacinthum,
672 759 711 797 in
740 758 954 798 Odandria
982 759 1245 812 Tropaeolum
1265 762 1306 801 δι
1328 762 1512 812 Ericam,

63 826 107 866 in
131 827 360 868 Decandria
389 825 649 879 Malpighiam
677 825 718 865 δε
748 825 945 874 Alsmem,
977 827 1015 864 in
1046 826 1288 878 Polyandria
1319 827 1514 868 Chelido-

63 894 174 934 nium
191 895 234 934 &
257 893 402 932 Tiliam
425 891 675 932 &cn-Affines
695 892 852 931 aliunde
881 892 1046 932 secernit
1068 893 1303 946 didynamas
1322 895 1345 933 a
1363 906 1514 935 tetran-

63 959 168 1005 dtis,
194 958 401 998 Chloram‘
420 958 443 997 a
470 957 698 1008 Gentiana,
727 958 873 997 Blitum
902 958 925 997 a
957 958 1252 1012 Chenopodio,
1280 960 1434 1000 Ericam
1462 961 1512 1000 ab

63 1024 348 1073 Andromeda,
378 1024 669 1065 Centunculum
697 1025 745 1064 ab
776 1024 1008 1077 Anagallide
1029 1054 1040 1071 ,
1073 1026 1311 1066 Canatinam
1332 1027 1356 1065 a
1385 1027 1511 1067 Cam-

64 1092 238 1146 panula,
254 1091 496 1145 Myosurum
518 1094 541 1132 ὲ
562 1092 798 1133 Ranunculo
814 1123 825 1141 ,
849 1092 1087 1133 Sibbaldiam
1111 1094 1133 1133 a
1152 1094 1384 1144 Potentilla,
1405 1094 1515 1134 Sem-

62 1160 282 1213 pervivum
304 1161 327 1198 ὲ
352 1159 481 1208 Sedo,
506 1159 696 1200 Caffinem
719 1160 768 1199 ab
784 1160 902 1205 llice,
927 1160 1109 1200 Labiatas
1134 1162 1316 1201 diandras
1341 1162 1364 1201 a
1388 1162 1518 1214 didy-,

64 1227 193 1267 narnis
219 1257 232 1277 ,
264 1227 499 1268 Gramineas
529 1227 724 1266 triandras
754 1228 802 1266 ab
846 1228 1057 1267 hexandris
1088 1228 1169 1268 διε.
1203 1237 1260 1282 30.
1295 1229 1515 1270 Staminum

64 1307 237 1335 numero
262 1294 314 1334 fic
339 1293 560 1347 discrepant
585 1306 665 1333 non
690 1294 843 1334 tantum
868 1307 1010 1346 genera
1032 1296 1295 1348 cognatiffima
1327 1298 1367 1335 in
1390 1296 1518 1348 syste-

0 1416 2 1418 Υ
65 1366 172 1402 mate
203 1360 399 1414 sejunfta,
426 1360 492 1401 sed
521 1361 562 1400 &
589 1361 737 1414 species
766 1373 1005 1413 congeneres
1034 1362 1082 1401 ab
1110 1363 1285 1402 invicem
1316 1363 1518 1402 dimoveri

63 1429 204 1470 nesciae
231 1461 243 1479 ,
275 1429 316 1468 in
341 1428 606 1468 Convallaria
626 1458 638 1477 ‚
667 1427 880 1481 Polygono
897 1459 909 1477 ,
938 1428 1134 1474 Rivinia,
1158 1429 1346 1469 verbena
1364 1461 1377 1478 ,
1404 1429 1518 1475 Gen-¹

63 1497 176 1536 tiana
192 1527 204 1545 ‚
232 1496 467 1544 Valeriana,
496 1495 627 1535 Rubia
649 1526 660 1544 ‚
688 1495 854 1548 Lepidio
874 1527 885 1545 ,
911 1495 1088 1537 Geranio
1110 1527 1124 1543 ,
1151 1497 1328 1537 Cerastio
1344 1527 1356 1546 ‚
1385 1497 1515 1548 Lino,

64 1563 210 1605 Tillaea
225 1593 238 1612 ,
262 1563 337 1603 διε.
357 1594 369 1612 ,
386 1576 552 1616 quarum
578 1563 785 1604 arsiiorem
810 1578 956 1604 nexum
979 1577 1060 1604 non
1085 1564 1206 1605 solvit
1225 1565 1390 1617 systema
1405 1595 1418 1610 ‚
1443 1578 1515 1605 ex-

66 1631 320 1684 ceptionibus
348 1631 439 1671 ideo
464 1631 715 1683 deturpatum
735 1631 776 1671 δι
791 1631 920 1672 minus
942 1632 1153 1672 uniforme.
1171 1641 1226 1682 40.
1244 1632 1400 1681 Simile,
1421 1633 1519 1674 licet

65 1699 196 1740 multo
232 1699 359 1739 rarius
383 1729 398 1744 ,
434 1698 616 1739 diversos
653 1699 827 1752 ejusdem
856 1700 998 1753 plantae
1031 1700 1151 1741 flores
1180 1700 1331 1740 obsidet
1360 1701 1517 1741 numeri

64 1767 279 1808 discrimen
311 1766 354 1805 in
391 1766 675 1819 Monotropa,
708 1767 1047 1820 Chrysosplenio,
1080 1768 1256 1817 Adoxa,
1288 1768 1484 1808 Trientali
1503 1799 1517 1817 ,

67 1833 269 1876 Disandra
288 1862 299 1880 ,
331 1832 436 1872 Ruta
468 1833 631 1886 aliisque
658 1834 749 1875 inde
784 1835 981 1876 difficilitas
1009 1835 1239 1876 ordinandis
1270 1838 1310 1876 &
1342 1837 1519 1875 staminei

66 1902 186 1955 hujus
215 1900 422 1941 carasieris
449 1900 737 1942 instabilitatem
761 1903 1101 1943 confirmantibus.
1134 1910 1185 1955 50.
1215 1903 1412 1954 Quaedam
1444 1902 1522 1943 ste-

67 1967 255 2008 rilescunt
284 1979 352 2007 aut
381 1967 424 2006 &
454 1966 750 2020 supprimuntur
780 1969 943 2008 stamina
971 1970 1010 2008 in
1044 1969 1238 2020 Bignonia
1256 1999 1267 2016 ‚
1303 1968 1488 2009 Gratiola
1508 1999 1521 2017 ,

72 2035 257 2078 Chelone
291 2034 398 2084 δια,
437 2034 581 2073 abortu
618 2036 845 2074 inveterato
874 2035 1094 2087 plantarum
1122 2034 1418 2075 ordinationem
1446 2037 1523 2075 im·-

71 2111 261 2145 mutante.
294 2103 351 2140 6⁰.
380 2099 618 2151 Gynandria
647 2100 785 2152 parum
820 2100 843 2138 a
879 2099 1075 2152 praemiffis
1107 2100 1337 2152 (praecipue
1367 2101 1390 2140 εὶ
1426 2101 1523 2141 Mo-

73 2168 272 2221 nandsifi)
299 2167 487 2220 discrepat
521 2167 724 2212 clastibus,
758 2169 799 2206 in
830 2180 894 2207 eas
923 2168 1074 2220 optime
1099 2167 1363 2216 refundenda,
1393 2169 1433 2208 &
1462 2170 1523 2209 in-

73 2236 193 2289 super
219 2233 369 2287 plantas
394 2235 605 2287 pauciores
629 2235 728 2275 vere
752 2235 980 2287 gynandras
1003 2235 1222 2287 complexa.
1244 2245 1300 2286 7⁰.
1332 2235 1417 2276 Nec
1443 2235 1525 2277 ser-

72 2303 219 2346 ,vandae
238 2301 370 2342 claffes
394 2301 558 2341 sexuum
584 2302 812 2342 disceffione
834 2302 1027 2354 insignes,
1054 2315 1143 2341 cum
1167 2304 1300 2342 multae
1328 2305 1525 2346 monoiicae

76 2380 146 2412 aut
180 2370 321 2409 dio'icae
359 2368 400 2407 δε
434 2381 573 2409 omnes
611 2369 837 2421 polygamae
874 2370 1014 2421 plantae
1047 2369 1143 2408 tales
1184 2369 1402 2411 habeantur
1437 2371 1525 2412 solo

73 2435 249 2489 partium
273 2435 443 2481 abortu,
469 2435 577 2474 veris
592 2435 925 2488 hermaphroditis
948 2435 1089 2475 retiius
1111 2436 1398 2479 consociandae.

133 2501 174 2542 Si
191 2501 400 2542 methodus
420 2500 545 2540 facilis
567 2501 606 2540 &
625 2503 746 2555 magis
765 2503 928 2543 Naturae
955 2504 1096 2556 sequax
1120 2502 1210 2542 inde
1235 2504 1430 2556 judicetur
1444 2522 1531 2561 per«
1595 2533 1739 2564 Circum-

81 2568 224 2609 seffior
239 2598 252 2617 ‚
279 2568 618 2608 Tournefortiana
633 2571 787 2610 caeteris
815 2571 970 2623 praestat
986 2602 997 2620 ,
1020 2570 1159 2624 utpote
1186 2575 1384 2615 naturales
1405 2577 1526 2619 affini·
1554 2578 1667 2619 scripta
1679 2579 1744 2618 sys-

82 2646 183 2678 tates
203 2635 338 2677 minus
364 2635 595 2678 subvertens
612 2666 624 2686 ,
648 2637 980 2683 manifestioribus
1011 2637 1075 2679 usa
1100 2637 1216 2691 fignis
1242 2642 1282 2682 δε
1308 2643 1350 2681 in
1375 2645 1536 2687 decursu
1557 2633 1710 2701 Ῐῇζῗᾷᾞω

1321 2728 1348 2761 C
