1845 2968
330 131 412 193 viij
1835 190 1838 196 ,

382 223 511 264 Radix
535 236 624 277 pars
646 224 789 277 plantae
812 224 850 263 in
870 233 1015 263 terram
1034 223 1188 266 demiffa
1212 225 1255 266 δι
1279 227 1419 268 succos
1440 225 1622 276 eliciens,
1638 226 1770 281 quoad
1836 223 1838 226 ”

331 290 445 333 {itum
469 293 769 344 perpendicularis
784 291 837 330 est
854 290 956 330 reati
974 289 1210 331 descendens
1222 321 1234 340 ‚
1247 293 1313 332 vel
1336 293 1558 346 horisontalis
1573 291 1640 335 seu
1651 306 1772 346 repens

331 357 381 400 ad
406 358 527 400 latera
552 357 593 397 δι
610 357 867 398 transversim
895 356 1103 409 protensa,
1124 367 1218 397 tunc
1245 359 1440 401 interdum
1455 358 1662 414 stolom'fera
1681 351 1776 399 cau-

329 425 474 466 liculos
500 425 641 479 passim
664 425 858 466 emittens.
877 423 1028 476 Quoad
1045 437 1253 464 numerum
1265 427 1415 478 fimplex
1429 426 1484 468 est
1497 458 1509 475 ,
1535 437 1603 468 aut
1618 424 1772 477 ramosa,

328 504 396 532 aut
425 484 643 545 fasciaulata
681 505 729 532 ex
770 490 947 542 pluribus
982 491 1088 531 arae:
1128 490 1363 532 fasciculatis
1393 493 1585 534 constans.
1619 490 1773 547 Quoad

326 559 554 600 strufiuram
574 559 614 599 δι
643 558 810 599 formam
827 587 841 603 ‚
857 558 988 610 fibrosa
1017 558 1072 601 est
1100 568 1167 599 aut
1188 560 1384 612 capillacea
1406 560 1591 602 radiculis
1613 558 1770 602 fibrofis

327 638 394 668 aut
431 627 657 680 capillitium
699 624 975 666 aemulantibus
995 654 1007 671 ,
1047 626 1206 678 tuberosa
1241 627 1281 666 in
1312 627 1592 669 subrotundum
1625 638 1774 681 corpus

328 694 530 747 compafia
554 693 662 732 intus
687 691 946 732 utriculosum
974 693 1017 734 &
1044 693 1173 733 minus
1199 692 1388 733 fibrosum
1410 723 1423 739 ,
1451 695 1631 734 turbinata
1655 693 1775 736 crass'a

329 759 504 802 obverse
520 760 657 801 conica
672 789 684 807 ‚
712 768 780 798 aut
796 758 993 810 fufifhrmis
1018 760 1192 811 oblonga
1216 759 1335 801 craffa
1355 759 1531 812 superius
1551 759 1595 800 δι
1609 758 1776 801 inferius

328 837 557 876 attenuata,
591 837 660 867 aut
689 826 873 878 praemorfiz
907 827 1080 878 oblonga
1114 825 1280 867 inferius
1312 836 1489 867 truncata
1508 857 1520 874 ‚
1544 835 1614 867 aut
1641 826 1776 879 nodosi·

329 894 479 946 pluries
505 903 659 935 tumens
676 894 892 934 interstitiis
907 894 1125 935 coarctatis.
1147 894 1298 946 Quoad
1320 894 1613 935 diuturnitatem
1630 924 1641 943 ,
1656 907 1777 933 annua

329 960 384 1005 est
416 961 628 1013 quotannis
656 961 824 1003 evanida
843 992 855 1009 ‚
889 972 956 1001 aut
983 962 1145 1013 perennis
1176 961 1325 1002 diutius
1354 959 1580 1014 persistens,
1609 961 1778 1000 herbacea

330 1028 462 1068 mollis
491 1039 558 1068 aut
587 1028 723 1081 lignosa
743 1027 919 1068 solidior.
943 1027 1113 1069 Radices
1135 1028 1312 1080 quaedam
1333 1028 1546 1079 parasiticae
1567 1028 1777 1068 arboribus

329 1107 398 1136 aut
423 1096 636 1148 parietibus
665 1095 812 1142 insitae,
840 1095 1020 1149 quaedam
1046 1095 1251 1149 aquatiles.
1271 1094 1365 1134 Non
1387 1095 1592 1136 habendus
1609 1108 1685 1148 pro
1708 1108 1771 1134 ra·

331 1164 417 1204 dice
443 1164 593 1212 bulbus,
616 1175 713 1203 vera
743 1162 865 1202 caulis
890 1162 1080 1215 squamati
1106 1174 1174 1202 aut
1193 1161 1384 1201 foliorum
1409 1162 1488 1202 basi
1506 1162 1775 1215 vaginantium

330 1241 420 1274 pars
440 1229 574 1270 infima
600 1229 854 1272 subterranea
878 1229 1091 1283 plurimum
1118 1239 1298 1277 tumens,
1327 1229 1528 1282 squamata
1556 1241 1624 1271 aut
1651 1229 1777 1270 turbi-

330 1308 421 1334 nata
438 1325 448 1339 ,
475 1295 610 1337 subtus
635 1296 825 1339 radicans.

384 1362 544 1407 Cauiis,
577 1375 666 1413 pars
689 1362 801 1406 extra
828 1362 1005 1403 tellurem
1029 1363 1161 1404 emifl’a
1191 1364 1313 1416 (raro
1343 1362 1578 1415 subnulla),
1607 1361 1705 1402 folia
1731 1361 1775 1402 &

330 1433 451 1470 flores
478 1428 699 1482 frustusque
715 1428 946 1482 proferens,
974 1433 1089 1471 nudus
1109 1430 1166 1472 est
1182 1443 1249 1470 aut
1269 1430 1452 1483 soliacus,
1480 1431 1614 1482 integer
1627 1428 1776 1484 simpli·
1821 1462 1826 1463 γ

332 1496 500 1536 ciffirnus
529 1507 595 1538 aut
617 1497 768 1549 fimplex
797 1498 908 1550 apice
935 1497 1112 1539 ramosus
1137 1508 1205 1539 ant
1234 1499 1436 1550 compositus
1463 1496 1487 1537 ὲ
1515 1497 1595 1538 basi
1623 1496 1777 1538 divisus

332 1563 374 1602 δι
405 1564 651 1616 cael'pitosus,
690 1563 872 1604 divisuris
909 1564 975 1604 seu
1003 1565 1124 1605 ramis
1156 1564 1303 1603 alternis
1335 1563 1476 1616 passim
1506 1563 1686 1610 exortis,
1708 1573 1781 1604 aut

332 1632 502 1683 oppositis
519 1631 684 1683 geminis
702 1644 750 1671 ex
769 1631 955 1684 opposito
972 1632 1218 1673 nascentibus
1233 1660 1245 1679 ‚
1268 1642 1335 1670 aut
1358 1631 1581 1670 verticillaris
1598 1629 1779 1683 pluribus

329 1698 372 1738 in
389 1699 528 1737 orbem
549 1699 743 1750 oppositis
758 1729 770 1746 ‚
792 1710 860 1738 aut
881 1701 1089 1738 dichotomis
1105 1699 1252 1752 plurie'es
1273 1697 1449 1740 bifariam
1467 1697 1611 1738 divisis.
1630 1697 1779 1739 Forma

330 1778 416 1805 teres
441 1765 684 1818 cylindricus
710 1766 902 1814 habetur,
928 1778 996 1806 aut
1027 1781 1155 1819 anceps
1187 1766 1368 1818 opposite}
1401 1765 1639 1816 biangularis
1657 1793 1674 1811 ,
1707 1776 1777 1805 aut

329 1845 405 1886 pro
434 1845 601 1874 numero
629 1833 864 1885 angulorum
895 1833 937 1872 δι
968 1832 1156 1874 facierum
1188 1834 1378 1886 triqueter,
1408 1833 1664 1885 triangularis,
1688 1847 1777 1885 qua-

328 1900 553 1951 drangularis
567 1929 575 1937 .
593 1929 602 1939 .
617 1927 627 1939 .
642 1929 654 1946 ‚
670 1902 827 1952 trigonus
837 1929 850 1945 ‚
865 1912 1062 1953 tetragonus
1077 1930 1087 1939 .
1105 1932 1114 1939 .
1132 1931 1140 1939 .
1155 1930 1167 1947 ‚
1175 1902 1388 1953 polygonus.
1406 1898 1622 1952 superficie
1633 1900 1777 1952 stn'ams

327 1966 444 2006 lineis
472 1976 655 2006 exaratus
681 1996 695 2011 ‚
734 1977 802 2005 aut
829 1966 990 2016 sulcatus
1024 1966 1141 2006 sulcis
1181 1978 1425 2016 excavatus,
1458 1968 1576 2019 glaber
1607 1966 1793 2006 omnin&

327 2033 472 2082 laevis,
504 2044 571 2072 aut
608 2033 812 2085 tomemqsus
845 2033 961 2086 panni
998 2034 1144 2082 instar,
1185 2045 1252 2074 aut
1285 2034 1436 2085 villofias
1469 2033 1558 2085 pilis
1591 2032 1777 2073 mollibus

327 2100 486 2153 sparsis,
514 2110 581 2139 aut
612 2100 710 2152 asper
741 2100 830 2152 pilis
868 2100 1034 2152 rigidis,
1066 2112 1133 2141 aut
1157 2103 1283 2152 scaber
1314 2100 1466 2154 punffis
1493 2100 1743 2154 exasperatus
1763 2123 1802 2150 ,ig

327 2176 396 2206 aut
429 2166 686 2206 mucronibus
715 2178 763 2205 ex
788 2166 939 2206 cortice
973 2167 1073 2206 natis
1097 2167 1283 2208 aculeatus
1307 2195 1319 2214 ,
1345 2177 1411 2207 aut
1436 2166 1568 2207 iisdem
1594 2179 1643 2206 ex
1666 2166 1776 2220 ligno

327 2233 519 2285 protrufis
548 2234 725 2286 spinofits.
754 2230 988 2274 Direffione
1019 2236 1143 2272 ereans
1171 2244 1238 2274 aut
1268 2237 1496 2287 procumbens
1527 2245 1597 2274 aut
1626 2249 1746 2288 repens
1762 2265 1778 2284 ‚

323 2300 503 2350 flexuosus
531 2313 598 2352 per
625 2299 836 2339 intervalla
855 2328 866 2347 ‚
892 2310 960 2342 aut
977 2300 1153 2351 scandens
1177 2299 1298 2343 fulcra
1327 2301 1552 2348 viciniora,
1577 2313 1645 2340 aut
1669 2302 1776 2342 circa

329 2365 466 2409 eadem
494 2367 660 2406 volubilis
687 2366 880 2419 spiraliter
901 2366 1106 2408 ascendens
1128 2368 1349 2407 dextrorsicm
1374 2368 1483 2418 juxta
1502 2378 1653 2408 motum
1673 2368 1776 2408 Solis

333 2433 398 2474 vel
416 2433 646 2486 fimstrorsam
670 2438 809 2477 contra
824 2434 978 2482 Solem,
998 2447 1065 2475 aut
1082 2436 1319 2487 sarmentosus
1337 2435 1516 2493 lignosus·
1527 2444 1669 2488 repens
1689 2435 1773 2475 sub-

334 2499 473 2543 nuduS.
507 2499 778 2546 Diuturnitate
802 2504 986 2543 herbaceus
1011 2515 1163 2543 annuus
1178 2532 1190 2548 ‚
1214 2514 1281 2542 aut
1307 2502 1479 2555 lignosus
1508 2502 1692 2555 perennis
1711 2518 1774 2541 ar-

335 2568 455 2610 boreus
484 2567 704 2616 maximus,
729 2568 919 2622 fruticosus
952 2570 1111 2618 minor,
1136 2569 1380 2622 fiffiuticosus
1413 2571 1609 2612 minimus.
1643 2569 1776 2620 Hujus

333 2634 489 2689 insuper
510 2647 656 2685 nomen
680 2637 718 2676 in
746 2635 943 2681 nonnullis
959 2635 1200 2687 distinssum,
1220 2637 1362 2691 nemp&
1377 2649 1520 2676 truncus
1546 2636 1585 2679 in
1602 2637 1774 2684 arbore,
