1845 2968
1367 169 1500 214 ‘XXXV

46 250 138 301 'quae
151 246 244 290 ditm
260 245 402 304 plantis
416 245 694 289 tantummodo
711 244 952 298 designandis
966 256 1012 287 ac
1025 247 1278 292 nominandis
1293 251 1494 309 incubuit,

46 315 261 358 amsteres
288 315 395 357 solos
419 314 612 368 excerpsit
637 313 685 353 ad
713 313 811 353 hanc
829 312 1136 366 designationem
1158 319 1396 362 necessarios
1416 335 1497 362 cae„

45 383 141 423 teris
162 383 310 426 omissis
327 414 340 433 ,
360 383 402 423 &
430 395 525 422 tunc
553 383 593 421 in
619 393 809 434 generum
842 381 1138 436 specierumque
1169 383 1497 432 determinatione

44 459 164 503 atque
194 452 357 507 nomine
388 450 525 504 saepiiis
557 461 699 502 anceps
725 461 770 488 ac
799 448 869 488 fibi
899 461 979 488 non
1006 449 1167 500 similis,
1200 453 1304 504 apud
1330 455 1495 506 vulgum

42 516 131 558 visa
155 517 232 560 fuit
255 518 416 560 scientia
439 531 555 558 merae
579 515 936 562 nomenclationis,
955 529 1034 557 non
1055 519 1175 559 menti
1200 519 1265 560 sed
1288 524 1494 565 memoriae

43 585 275 626 exercendae
308 585 532 640 praeprimis
559 584 712 624 idonea.
733 581 838 622 Cum
864 593 992 623 autem
1018 583 1188 626 sincerus
1216 597 1366 628 naturae
1393 602 1494 630 con-

42 651 284 705 templator,
302 653 423 706 ipsam
448 654 487 692 in
510 652 652 706 plantis
679 649 892 702 explorans
907 680 917 698 ,
932 662 1110 693 teneatur
1141 656 1333 707 integram
1355 669 1493 698 earum

42 721 377 772 organisationem
409 719 574 760 scrutari
605 730 650 758 ac
684 717 880 758 evolvere
903 749 915 767 ,
946 731 1086 759 omnes
1121 721 1211 760 ideo
1241 723 1496 776 prosequitur

40 789 254 831 carasteres
275 819 290 836 ,
325 788 368 829 &
405 785 580 839 neglefiia
621 785 813 825 methodo
845 786 1052 838 pauciores
1093 800 1365 837 memorante,
1405 804 1494 832 eam

39 854 197 896 tanturn·
228 856 392 910 inquirit
413 864 502 907 quae
531 852 661 892 nullos
688 852 879 892 omittens
907 853 947 891 δι
978 864 1131 893 mntuas
1158 856 1334 895 omnium
1358 856 1494 910 depre³=

39 921 217 963 hendens
231 922 440 963 affinitates
453 951 464 968 ‚
493 920 716 960 absolutam
736 920 955 974 plantarum
971 922 1241 973 cognitionem
1260 922 1495 976 suppeditat.

89 989 188 1029 Haec
207 989 357 1030 dudum
379 987 543 1042 quaefita
561 987 766 1028 ordinatio
788 1016 833 1038 a,
862 988 964 1027 inter
984 988 1250 1041 omneslonge
1270 992 1468 1043 praecipua
1482 1021 1493 1040 ,

37 1054 121 1095 sola
146 1056 247 1097 vere
280 1056 493 1097 uniformis
527 1068 573 1096 ac
607 1055 768 1108 simplex
789 1086 800 1105 ‚
828 1055 1062 1095 affinitatum
1092 1056 1244 1109 legibus
1274 1058 1496 1101 constanter

36 1123 336 1177 obtemperans,
355 1123 409 1165 est
425 1124 604 1163 methodus
627 1123 728 1163 dieta
752 1124 930 1162 naturalis
945 1137 1033 1176 quae
1050 1125 1280 1176 omnigenas
1299 1129 1496 1170 conneffit

35 1189 189 1243 plantas
210 1191 376 1233 vinculo
401 1191 600 1240 indiviso,
623 1192 663 1231 &
688 1190 877 1244 gradatim
901 1191 923 1230 a
945 1190 1109 1244 simplici
1130 1192 1177 1231 ad
1203 1195 1461 1247 compositam
1476 1225 1493 1242 ,

35 1256 62 1297 ἐὶ
91 1258 254 1299 minim-21
284 1259 332 1300 ad
359 1260 569 1300 maximam
600 1259 832 1300 continuata
859 1259 956 1299 serie
983 1259 1192 1312 procedit,
1223 1261 1329 1313 quasi
1361 1262 1495 1302 similis

0 1331 5 1359 ἰ
34 1336 186 1367 catenae
214 1327 328 1381 cujus
361 1329 496 1370 annuli
526 1328 697 1370 totidem
730 1328 880 1381 species
906 1328 1178 1381 specierumve
1198 1329 1402 1372 fasciculos
1426 1346 1496 1372 re-

5 1387 10 1392 *
35 1393 303 1447 praesentant‚
337 1408 420 1436 aut·
445 1409 612 1450 compar
642 1409 796 1449 mappae
826 1394 1100 1448 geographicae
1129 1392 1144 1419 ὁ
1173 1396 1213 1434 in
1244 1397 1322 1449 qua
1350 1397 1498 1450 species

33 1472 228 1514 pagorum
243 1462 362 1502 instar
379 1463 667 1503 distribuuntur
683 1476 753 1515 per
768 1462 972 1503 territoria
991 1461 1031 1501 &
1051 1463 1285 1515 provincias
1300 1464 1342 1502 δε
1364 1477 1497 1517 regna.

34 1519 96 1567 Ex
118 1528 200 1568 una
230 1540 342 1582 parte
371 1530 590 1583 quemlibet
615 1529 804 1570 annulum
830 1543 919 1569 cum
951 1529 1109 1569 duobus
1140 1530 1293 1570 tantum
1322 1531 1497 1572 vicinio·

35 1584 149 1635 rib'us
173 1596 443 1638 cohaerentem
471 1597 681 1638 admittens
710 1598 930 1650 plantarum
948 1595 1239 1638 circumscribit
1258 1598 1467 1640 affinitates
1480 1602 1504 1646 ,²

35 1673 88 1702 ex
125 1651 248 1703 altera
287 1663 444 1704 easdem
478 1663 696 1717 amplificat
737 1665 778 1705 &
813 1663 980 1717 singulas
1012 1664 1161 1717 species
1198 1676 1266 1704 aut
1296 1666 1498 1718 genericas

33 1728 256 1771 clafficasve
290 1731 566 1785 ordinationes
593 1731 773 1786 pluribus
804 1732 1068 1772 ambientibus
1096 1732 1302 1785 aequaliter
1337 1745 1496 1774 conter·

27 1796 158 1836 minas
186 1797 367 1837 exhibet.
392 1797 606 1850 Utcunque
624 1799 658 1839 se
681 1811 742 1838 res
768 1798 932 1847 habeat,
952 1798 1135 1850 genuinae
1156 1797 1373 1851 piantarum
1394 1813 1497 1840 con-

39 1862 226 1915 flexionis
249 1864 292 1904 &
321 1864 639 1920 praestantiflimae
662 1867 781 1916 hujus
810 1867 988 1907 methodi
1018 1866 1266 1907 existentiam
1291 1880 1336 1906 ac
1364 1867 1496 1919 digni-2

37 1980 1486 2002 m

82 2068 102 2086 ⁴
123 2053 258 2096 classes
272 2058 346 2107 quo
362 2057 480 2108 magis
496 2060 678 2098 naturales
695 2091 706 2107 ,
726 2059 771 2098 co
790 2060 924 2098 caeteris
937 2058 1079 2105 paribus
1095 2055 1355 2104 praestantiores
1371 2056 1493 2099 sunu„

34 2123 266 2160 Summorum
284 2123 541 2160 Botanicorum
559 2121 758 2160 hodiernus
773 2123 924 2167 labonin
938 2119 992 2158 his
1005 2118 1109 2158 sudat
1128 2125 1163 2157 ἃς
1183 2118 1356 2158 desudare
1372 2120 1490 2161 decer.

10 2187 13 2189 ’
33 2183 234 2224 Methodus
257 2185 427 2223 naturalis
452 2185 535 2225 hinc
556 2187 702 2225 ultimus
728 2185 809 2224 finis
827 2187 1017 2224 Botanices
1041 2183 1090 2221 est
1105 2189 1139 2221 &
1155 2184 1233 2221 etit.
1254 2183 1363 2222 Limz.
1383 2184 1486 2222 Phil,

11 2244 124 2287 Bor.
151 2263 187 2285 n.
215 2254 296 2286 206.
327 2248 487 2288 Primum
507 2255 542 2290 δε
560 2251 729 2289 ultimum
753 2252 790 2289 in
816 2251 988 2288 Botanice
1012 2246 1191 2296 quaefiturn
1217 2245 1270 2284 est
1294 2247 1488 2286 methodus

0 2309 7 2341 ²»
35 2313 222 2351 naturalis.
252 2314 342 2350 Haec
371 2311 465 2351 adeo
494 2314 515 2352 a
544 2317 727 2353 Botanicis
754 2314 873 2353 mimis
900 2313 1016 2351 doctis
1041 2312 1105 2350 vili
1130 2309 1272 2355 habita3
1304 2310 1325 2348 ὲ
1350 2308 1488 2358 sapien-

34 2376 189 2415 tioribus
212 2376 299 2415 vero
324 2375 414 2414 tanti
444 2375 583 2425 semper
609 2378 806 2424 aestimata,
827 2379 911 2417 licet
937 2376 1077 2415 dctesta
1093 2374 1254 2413 nondum
1270 2403 1278 2411 .
1295 2403 1304 2412 .
1323 2404 1331 2412 .
1355 2375 1427 2412 Diti
1449 2381 1486 2419 ὃς

35 2453 109 2489 ego
130 2438 226 2478 circa
247 2453 328 2479 eam
357 2440 611 2480 inveniendam
637 2442 834 2491 laboravi,
859 2442 950 2480 bene
978 2441 1091 2479 multa
1117 2452 1194 2487 quae
1215 2438 1385 2476 adderem
1412 2438 1486 2477 ob-

35 2503 153 2550 tinui,
183 2501 354 2550 perficere
383 2517 459 2542 non
487 2507 587 2552 potui
611 2536 622 2552 ‚
650 2507 921 2545 continuaturus
956 2505 1042 2542 du'm
1074 2505 1210 2541 vixero.
1240 2501 1351 2539 Linn,
1380 2500 1484 2549 Claffi

30 2580 119 2618 pag.
142 2572 226 2615 485.

82 2628 98 2655 θ
120 2631 262 2668 Natura
289 2646 362 2670 non
386 2630 477 2671 faci:
504 2632 623 2674 saltus.
651 2634 782 2673 Plantae
800 2647 928 2673 omncs
951 2634 1119 2680 utrinque
1144 2631 1357 2670 affinitatem
1381 2641 1486 2668 mon„

33 2690 170 2739 strant,
192 2694 245 2733 uti
267 2697 509 2737 Territoriurn
533 2701 572 2738 in
595 2699 728 2747 Mappfi
747 2698 1001 2747 geographica.
1021 2697 1128 2735 Lina.
1145 2695 1251 2735 Plizl.
1272 2711 1306 2734 η.
1324 2711 1382 2745 77.

1204 2776 1232 2806 c
1255 2761 1285 2819 ij

1554 1007 1723 1046 Methodus

1517 1055 1678 1088 naturalis,
