1845 2968
1385 106 1448 172 lxj

13 188 259 235 substituitur
283 194 445 236 scientia
470 205 560 249 quae
587 194 869 250 VegetantIum
893 209 975 238 non
1000 198 1123 239 modo
1142 201 1303 241 nomina
1323 201 1386 243 sed
1410 204 1453 245 δι

7 271 196 302 ‘naturam
216 263 419 316 ¹inquirens
438 294 450 312 ,
467 264 654 317 integram
677 278 815 305 eorum
835 266 1163 318 organisationem
1180 277 1198 295 α
1220 271 1454 324 cunstosque

12 328 229 369 caratteres
258 329 478 383 prospicit;
518 344 607 383 quae
645 331 883 383 simplicibus
916 333 1032 374 etiam
1069 345 1115 374 ac
1147 337 1266 377 certis
1300 336 1456 378 suffulta

13 394 220 449 principiis
236 427 248 445 ‚
263 397 479 436 naturalem
501 397 640 438 seriem
667 398 734 438 seu
756 400 984 440 methodum
1009 402 1166 443 exhibet
1184 404 1366 457 digestam
1385 420 1454 446 ra-

11 459 123 502 tione
150 462 409 511 affinitatum,
435 464 489 503 ita
520 475 563 503 ut
592 464 868 506 consocientur
893 467 1127 519 Vegetantia
1152 470 1295 523 majori
1323 485 1455 513 carac-

13 535 143 567 terum
161 542 327 570 numero
349 531 478 570 affinia
498 532 539 571 &
558 532 596 571 in
615 533 660 572 ea
684 533 923 573 cara&erum
949 538 1247 578 enumeratione
1272 541 1454 592 praestan-

13 594 139 635 tiores
167 596 290 648 pluris
314 597 544 639 habeantur.
573 600 770 652 Quaedam
802 601 959 654 insuper
982 604 1174 646 notiffima
1199 619 1383 659 generum
1408 609 1453 650 &

12 660 198 701 ordinum
223 664 319 704 vere
338 666 574 705 naturalium
600 665 809 718 specimina
832 667 934 708 hisce
961 671 1193 713 affinitatum
1218 675 1371 728 legibus.
1382 678 1453 717 ad·-

11 725 186 778 duntur,
213 729 364 771 easdem
391 731 662 771 confirmantia
682 760 696 778 ‚
725 733 765 771 δι
793 735 911 774 novis
935 739 1143 788 generibus
1170 742 1453 798 ordinibusque

13 792 129 833 simili
150 796 305 837 ratione
328 798 583 838 conficiendis
602 799 739 845 utilia,
766 802 807 841 &
831 801 878 841 ad
896 791 1186 846 accuratiorem
1213 811 1452 851 cara&erutn

12 862 358 914 computationem
386 863 895 921 instituendam'neceffaria.
918 869 970 909 Iis
990 871 1219 922 juvantibus
1242 875 1320 926 jam
1343 881 1453 920 certo

14 925 301 979 distinguuntur
321 927 494 969 invicem
515 931 728 973 carabieres
744 934 960 975 uniformes
974 965 987 981 ,
1013 936 1323 991 subuniformes,
1338 944 1453 985 serni·

13 991 231 1032 uniformes
252 993 292 1032 &
319 996 519 1048 nunquam
550 998 768 1039 uniformes
786 1000 850 1041 seu
871 1003 1022 1042 tantum
1049 1005 1231 1057 specifici.
1255 1009 1452 1052 Praeterea

14 1056 275 1098 uniformium
301 1070 436 1100 mutua
462 1061 541 1112 jam
561 1064 705 1104 certius
726 1065 904 1106 statuitur
924 1068 1130 1110 aestimatio
1156 1087 1167 1120 3
1190 1075 1385 1126 primariae
1403 1090 1453 1118 ex

6 1125 176 1165 corculo
187 1125 360 1167 dedu&ae
374 1128 587 1170 divifiones
603 1131 808 1184 multiplici
822 1135 1105 1177 confirmantur
1115 1142 1373 1192 probatione3
1384 1145 1454 1185 sta·-

7 1190 146 1230 bilitur
180 1203 421 1245 organorum
451 1194 666 1237 sexualium
694 1199 861 1250 dignitas
890 1201 931 1240 &
958 1214 1046 1243 orta
1069 1217 1118 1244 ex
1146 1218 1285 1248 mutuo
1312 1223 1451 1251 eorum

6 1257 86 1298 suu
115 1257 328 1300 ordinatio.
358 1260 536 1301 Maxima
563 1266 849 1317 comprobatur
879 1268 1086 1310 staminum
1113 1272 1153 1312 &
1174 1275 1337 1315 corollae
1364 1277 1454 1318 affi-

8 1324 112 1364 nitas
138 1324 180 1364 &
203 1326 411 1378 peculiaris
436 1329 568 1381 regula
596 1331 853 1373 insertionum
881 1336 1021 1376 exinde
1042 1338 1295 1394 deprompta,
1321 1357 1452 1384 nova-

10 1402 99 1431 rum
122 1390 212 1431 fons
238 1392 494 1434 divisionum.
526 1396 661 1437 Claffis
687 1399 846 1440 ordines
874 1403 1081 1455 complexa
1109 1408 1244 1459 paucis
1269 1409 1454 1451 definitur

9 1457 271 1499 caracteribus
305 1460 528 1513 primariis3
550 1464 652 1504 ordo
679 1478 821 1518 genera
848 1468 983 1509 similia
1011 1474 1244 1514 connectens
1276 1476 1454 1529 pluribus

10 1537 58 1565 ac
92 1518 259 1567 numero
295 1527 509 1570 indefinitis
536 1531 754 1584 defignatur
785 1535 897 1586 fignis
930 1537 1289 1582 semiuniformibus
1308 1575 1320 1593 ‚
1351 1559 1454 1586 nunc

9 1589 278 1635 constantibus
318 1608 422 1636 nunc
461 1599 585 1638 variis
619 1600 661 1639 &
695 1601 782 1640 idei)
815 1603 1013 1645 difficilius
1042 1610 1178 1647 mutuo
1208 1611 1454 1655 aestimandis.

10 1658 115 1699 Illud
147 1671 277 1701 autem
309 1663 554 1715 praestantius
593 1667 801 1708 habebitur
834 1673 943 1723 quod
974 1673 1013 1712 in
1043 1675 1218 1726 pluribus
1247 1680 1455 1722 ordinibus

11 1726 194 1767 constans
221 1727 446 1772 substiterit.
473 1733 578 1773 Hinc
600 1735 884 1789 multiplicandi
911 1741 1080 1792 primum
1107 1745 1260 1786 ordines
1279 1750 1452 1789 unanimi

18 1836 1452 1869 Ἢ

11 1902 138 1959 (infra
158 1924 192 1958 p.
209 1902 321 1960 ⁴416)
348 1926 426 1960 quae
458 1914 648 1954 arbitrario
677 1916 933 1966 disponuntur,
963 1921 1081 1962 donec
1104 1939 1196 1964 vcrae
1227 1928 1454 1968 innotescant

10 1970 213 2012 affinitates.
241 1976 399 2014 Similem
426 1979 565 2018 animus
593 1979 709 2020 fuerat
732 1983 886 2031 adjicere
911 1985 1077 2024 universo
1103 1991 1230 2034 operi,
1259 2003 1296 2028 ut
1324 1994 1455 2039 quaein

10 2033 200 2075 ordinibus
230 2038 446 2086 alnplificata
475 2043 685 2083 definitione
722 2047 900 2088 difficilius
926 2050 1180 2097 perspiciuntur
1203 2052 1222 2090 ὲ
1246 2056 1456 2100 Tyronibus

12 2111 150 2148 genera
168 2129 178 2145 ,
209 2100 336 2141 indicis
365 2117 433 2150 ope
470 2119 556 2144 mox
589 2110 709 2155 paucis
734 2111 899 2156 impensis
926 2112 1030 2161 fignis
1060 2114 1159 2152 certo
1190 2119 1419 2157 nominentur
1444 2138 1454 2158 :

11 2161 74 2199 sed
101 2161 255 2200 instante
282 2168 400 2211 operis
424 2170 655 2217 evulgationc
673 2203 684 2218 ,
716 2171 799 2211 huic
826 2174 1063 2214 construendo
1091 2190 1229 2225 tempus
1262 2179 1379 2219 defuit
1403 2184 1459 2220 in-

11 2223 111 2272 dici,
140 2239 247 2273 quem
278 2240 397 2266 tamen
426 2230 659 2272 necessarium
684 2238 911 2276 continenter
939 2240 1089 2280 elaboro
1106 2274 1117 2288 ‚
1146 2256 1182 2281 ut
1209 2242 1369 2293 scorsum
1396 2260 1457 2286 aut

11 2288 114 2326 alteri
133 2320 144 2337 ,
173 2289 196 2327 si
217 2304 288 2338 qua
317 2291 444 2337 detur,
473 2294 660 2343 adjunctas
691 2299 839 2339 editioni
863 2301 927 2341 suo
952 2316 1114 2352 tempore
1142 2309 1299 2353 prodeat.

61 2354 80 2373 ⁴
96 2353 184 2391 Non
211 2356 348 2394 tatione
367 2360 504 2396 numeri
523 2363 658 2399 entium
675 2363 958 2406 ordinandorum
975 2400 986 2415 ‚
1005 2367 1065 2407 sed
1084 2373 1224 2410 ratione
1245 2378 1380 2415 numeri
1399 2390 1459 2415 or-

12 2428 193 2465 ganorum
217 2419 254 2456 in
281 2416 425 2468 lingulis
455 2423 816 2473 pervestigandorum
850 2443 956 2479 atque
986 2432 1270 2476 aestimandorum
1302 2441 1461 2490 augescit

11 2477 196 2518 affinitatis
216 2479 411 2521 statuendae
436 2490 471 2523 &
498 2486 736 2528 ordinationis
753 2492 979 2537 perficiendae
994 2495 1181 2537 difficultas
1199 2515 1207 2536 ε
1225 2500 1308 2540 inde
1328 2503 1460 2544 diffici-

12 2539 84 2580 lior
97 2544 343 2585 Animantium
359 2553 394 2586 &
406 2550 580 2596 praecipue
591 2553 877 2602 Quadrupedum
896 2556 1043 2597 selemia
1057 2563 1221 2602 caetertim
1235 2563 1368 2613 fionius,
1382 2581 1460 2616 quae

0 2603 116 2672 eluta
133 2609 376 2656 complectens
394 2625 531 2660 organa
545 2644 557 2660 ,
574 2620 882 2664 computationem
900 2621 1049 2663 subinde
1066 2625 1182 2665 multo
1196 2633 1464 2674 protentiorem

0 2678 147 2716 “exlglt.
