1845 2968
315 126 411 195 xlvj

313 227 459 281 quibus
479 222 659 266 secundae
681 221 830 276 pariter
849 217 1122 271 designentur?
1136 214 1266 272 Hujus
1282 219 1521 274 germinatio
1537 218 1581 262 i'n
1592 213 1768 276 qualibet

311 294 445 346 planti
459 293 529 333 fibi
546 293 697 344 semper
719 288 878 336 fimilis,
904 287 945 325 in
970 286 1152 338 cognatis
1165 286 1267 341 saepe
1285 287 1587 338 conform1s‚in
1603 289 1766 331 diverfis
1822 281 1827 285 ¹

310 361 492 403 diversos
521 359 695 400 admittit
722 356 865 397 modos
895 366 1066 408 quorum
1102 355 1283 407 exempla
1307 356 1511 410 praecipue
1539 357 1582 397 in
1606 356 1766 398 Mono-

309 429 623 483 cotyledonibus
650 424 865 477 conspicua
899 421 934 463 se
961 422 1138 476 produnt
1158 451 1172 467 ,
1208 424 1380 475 generali
1410 437 1545 465 earum
1575 424 1765 480 caracteri

308 498 411 538 infra
428 497 574 549 adjeCia
586 510 625 546 p.
644 509 702 533 21.
721 491 826 532 Cum
845 501 978 531 tamen
1001 490 1396 544 Monocotyledones
1421 492 1625 534 nonnullae
1653 491 1763 534 fruc-

305 565 526 605 tificatione
553 564 624 602 vix
651 559 850 600 diffimiles
866 589 877 607 ‚
901 557 1192 611 germinatione
1213 558 1434 614 discrepent
1461 572 1506 601 ut
1532 561 1576 601 in
1601 559 1766 614 Asphoa·

306 632 487 673 delorum
513 629 652 670 ordine
668 641 705 678 p.
731 639 772 680 51
793 641 804 675 ;
833 639 923 666 cum
954 627 1146 679 praeterea
1168 626 1520 680 Dicotyledonum
1540 629 1763 670 confinium

304 698 541 753 germinatio
568 708 651 736 non
678 695 791 735 certo
817 695 1008 734 habeatur
1037 693 1275 740 uniformis,
1307 689 1447 735 sol‘idae
1468 695 1618 738 idcirco
1639 692 1691 738 eir
1712 697 1764 738 e2

303 781 384 809 non
411 764 649 807 deducendae
674 763 764 805 sunt
794 773 903 803 notae
931 762 1001 802 nisi
1034 762 1147 815 prius
1176 762 1216 802 in
1242 763 1399 816 fingulis
1428 764 1578 806 attente
1596 777 1763 819 perpen-

302 836 426 874 datur.
449 834 532 874 Alii
558 833 732 886 prostant
762 831 933 883 ejusdem
962 830 1103 882 organi
1129 831 1347 871 caracieres
1374 831 1593 885 praecipui,
1617 831 1763 885 nempe

300 901 394 941 situs
418 901 569 941 corculi
601 901 640 940 in
676 899 820 940 semine
852 898 892 937 &
924 897 1083 938 seminis
1111 899 1150 936 in
1181 896 1310 938 frufiu
1337 906 1367 939 ⁶.
1399 898 1621 939 Corculum
1655 910 1763 940 nune

299 968 546 1022 perispermo
568 977 703 1015 caret,
734 979 840 1007 nunc
871 965 1013 1005 eodem
1049 964 1277 1005 instructum
1308 966 1348 1004 in
1380 965 1468 1018 ipso
1505 965 1679 1007 centrale
1705 966 1762 1007 est

297 1047 366 1075 aut
395 1036 585 1085 laterale‚
612 1035 819 1075 minimum
845 1044 913 1074 aut
940 1033 1147 1074 mediocre
1178 1044 1246 1074 aut
1271 1033 1398 1085 majus
1421 1047 1434 1082 3
1467 1032 1575 1073 suam
1603 1033 1761 1087 insuper

297 1103 474 1143 obvertit
515 1103 601 1144 hilo
638 1102 884 1151 radiculam,
923 1113 992 1141 aut
1029 1115 1115 1143 eam
1155 1101 1280 1142 trudit
1315 1115 1365 1141 ex
1399 1100 1602 1149 adverso3
1638 1101 1760 1142 lobos

296 1170 443 1209 emittit
466 1170 567 1223 saepe
590 1170 747 1219 recios,
772 1169 901 1208 rarius
929 1168 1099 1208 inflexos
1125 1179 1193 1208 aut
1223 1169 1393 1221 plicatos
1420 1177 1488 1207 aut
1511 1178 1763 1219 corrugatos.

293 1236 436 1276 Semen
465 1237 566 1276 intra
594 1237 764 1277 frucium
798 1235 1056 1288 receptaculo
1091 1235 1256 1275 centrali
1289 1246 1355 1275 aut
1385 1234 1565 1280 laterali,
1598 1234 1762 1274 elevato

293 1316 362 1345 aut
386 1305 625 1355 demiffiori,
654 1304 772 1345 seffile
796 1314 864 1344 aut
894 1303 1065 1344 lotatum
1098 1303 1327 1344 anneffitur.
1348 1302 1510 1355 Singula
1537 1301 1624 1342 haec
1653 1300 1760 1354 figna
1817 1335 1820 1338 .

292 1374 333 1411 in
360 1372 592 1425 quibusdam
617 1372 827 1412 ordinibus
845 1371 943 1410 vere
965 1371 1192 1412 conformia
1211 1403 1222 1421 ‚
1253 1373 1291 1411 in
1319 1371 1476 1411 caeteris
1490 1380 1559 1411 aut
1577 1369 1758 1411 nondUm

290 1438 382 1478 satis
414 1440 503 1479 sunt
535 1440 770 1493 explorata,
802 1448 870 1479 aut
898 1439 1097 1479 interdi1m
1128 1439 1258 1492 primo
1285 1438 1440 1491 aspectu
1468 1438 1669 1478 contraria
1689 1437 1759 1477 vi-

291 1507 445 1546 dentur.
473 1506 705 1560 Usquecliim
729 1507 846 1559 igitur
871 1507 1023 1546 iteratis
1045 1520 1090 1547 ac
1117 1508 1236 1547 certis
1262 1506 1618 1556 observationibus
1638 1506 1756 1546 inno*

290 1575 440 1615 tuerint
469 1575 651 1615 omnium
680 1574 982 1626 germinationis
1014 1575 1156 1614 modus
1182 1575 1223 1614 &
1254 1574 1348 1614 situs
1369 1574 1521 1614 corculi
1539 1573 1756 1615 &seminis

288 1643 480 1690 insertio,
508 1643 639 1684 nullus
670 1638 937 1682 inde‘stabilis
966 1643 1198 1682 extrahetur
1223 1643 1409 1682 caracier.

106 1734 134 1765 Α
152 1732 261 1765 stami-
340 1710 540 1750 Exhausto
556 1709 714 1749 seminis
730 1723 859 1762 penu,
879 1710 900 1750 ὲ
913 1711 1088 1762 partibus
1106 1710 1190 1762 post
1208 1709 1329 1761 ipsum
1346 1709 1558 1762 praecipuis
1574 1710 1619 1749 ac
1633 1709 1756 1751 effen·

52 1788 129 1831 nutu
151 1782 179 1809 δι’
199 1781 258 1821 pis·
290 1778 448 1817 tialibus
481 1778 569 1830 jure
600 1777 850 1818 deducuntur
881 1778 999 1830 primi
1034 1777 1206 1816 classium
1239 1776 1473 1816 inferiorum
1505 1776 1751 1826 caracieres,

51 1824 129 1906 ἓξὲξ,
150 1835 260 1902 ῗζῒὲἓ
286 1858 334 1885 ex
363 1846 524 1895 organis
550 1845 692 1899 nempe
723 1845 948 1885 sexualibus
973 1858 1062 1898 quae
1091 1844 1263 1896 ejusdem
1293 1844 1565 1897 procreationi
1596 1843 1754 1896 conspi-

50 1915 217 1992 {insertione
283 1913 410 1952 rantia
434 1911 648 1953 necessario
678 1913 933 1966 praeexistunt
950 1915 990 1952 ὃ(
1008 1914 1046 1952 in
1064 1912 1347 1964 Vegetantium
1368 1910 1600 1952 oeconomia
1617 1911 1749 1963 magni

77 1970 230 1996 amisium,

330 2174 349 2191 ⁶
373 2173 454 2208 Hos
480 2167 574 2207 forte
605 2168 787 2207 meditans
810 2168 1008 2206 caracteres
1032 2169 1197 2206 Linnaeus
1224 2168 1372 2206 aiebat:
1399 2170 1478 2221 Qui
1499 2169 1640 2208 clavem
1666 2183 1748 2209 me*

282 2232 384 2272 rhodi
419 2234 590 2271 naturalis
618 2231 795 2271 fabricare
829 2232 997 2278 student,
1031 2230 1143 2269 sciant
1168 2233 1304 2270 nullam
1333 2247 1471 2279 partem
1506 2233 1744 2274 universalem

281 2299 398 2345 magis
412 2299 531 2336 valere
548 2329 558 2344 ‚
574 2311 685 2346 quam
701 2298 799 2336 illam
819 2296 839 2335 ὲ
860 2295 925 2334 fitu
937 2326 949 2340 ‚
966 2294 1161 2343 praesertim
1181 2293 1324 2335 seminis
1338 2326 1350 2342 ,
1367 2299 1403 2335 in
1420 2295 1558 2337 semine
1568 2299 1743 2347 punstum

281 2373 477 2410 vegetans,
501 2363 598 2410 quod
623 2363 679 2400 vcl
710 2360 874 2409 perforat
902 2361 1216 2410 longitudinaliter
1245 2359 1390 2409 semen,
1418 2360 1477 2400 seu
1502 2361 1660 2410 undique
1689 2365 1745 2402 in-

283 2425 440 2462 volvitur
458 2455 469 2471 ,
495 2426 549 2462 vel
577 2425 621 2463 ad
650 2429 726 2474 ejus
753 2426 845 2464 latus
872 2427 1058 2472 reponitur
1082 2441 1094 2470 3
1119 2423 1190 2464 hoc
1224 2427 1279 2464 vel
1305 2426 1401 2464 extra
1426 2425 1661 2473 cotyledones
1683 2416 1743 2465 vel

283 2488 402 2533 intra3
419 2489 473 2526 vel
499 2489 536 2526 in
559 2489 630 2526 basi
645 2522 655 2536 ,
681 2488 778 2539 juxt'a
805 2489 918 2528 bafim
934 2521 944 2536 ‚
971 2488 1016 2527 ad
1042 2490 1133 2528 lam<
1148 2521 1159 2536 ‚
1193 2491 1249 2527 vel
1272 2491 1306 2527 in
1329 2488 1624 2537 apice-seminis3
1649 2488 1741 2527 basis

285 2550 428 2589 seminis
457 2549 508 2589 est
534 2552 738 2591 cicatricula
759 2554 845 2601 illa,
871 2552 939 2600 qua
962 2554 1164 2600 peticarpio
1190 2553 1251 2591 vel
1275 2552 1502 2600 receptaculo
1521 2553 1669 2600 proprio
1683 2550 1742 2590 af-

284 2613 395 2653 fixum
428 2613 497 2652 fuit
525 2612 657 2652 semen.
692 2616 789 2657 Hinc
815 2615 1005 2664 Caesalpini
1037 2615 1236 2657 methodus
1263 2617 1389 2666 magni
1416 2614 1594 2655 facienda.
1627 2607 1737 2655 Lkzn.

286 2678 389 2728 Claffi
413 2679 530 2728 plant.
554 2694 594 2728 p.
625 2685 709 2728 487.

1148 2779 1164 2804 ἀ

283 1980 538 2021 aestimantur.
561 1981 619 2020 Ut
645 1991 776 2020 autem
803 1980 843 2019 in
867 1980 914 2019 ea
942 1979 1124 2021 seorsum
1150 1980 1294 2020 nullius
1322 1979 1407 2020 sunt
1431 1978 1654 2027 momenti,
1675 1990 1749 2019 nec
1813 1990 1819 2001 Χ
