1845 2968
1448 137 1512 201 liij

93 248 95 252 ⁴
135 248 189 277 ιο.
220 236 451 278 Inconcussa
486 246 618 277 manet
647 236 772 289 prima
803 236 844 275 in
874 234 1200 288 Acotyledones,
1227 233 1517 285 Monocotyle-

80 302 204 345 dones
226 305 266 344 &
286 304 606 357 Dicotyledones
633 304 809 357 partitio,

88 399 94 407 ›
133 373 190 411 2.⁰
218 371 516 424 Acotyledones
546 371 718 410 indivisae
747 369 938 422 perstant,
969 369 1096 409 donec
1124 368 1272 409 certius
1304 368 1521 408 innotuerit

81 449 218 478 earum
247 437 502 489 organisatio.
536 437 720 477 Sexuales
746 436 784 474 in
815 436 861 474 iis
890 447 1018 488 partes
1049 434 1312 488 inconspicuae
1336 435 1420 474 sunt
1455 445 1521 474 aut

80 503 185 558 saepe
219 504 411 554 diclines;
443 504 600 544 idcirco
632 503 803 543 difficilis
836 502 888 542 est
927 502 1182 544 insertionum
1218 502 1449 544 observatio
1480 502 1523 542 &

80 569 258 609 nondum
281 572 476 611 tentandae
504 571 624 612 claffis
648 569 870 608 divifiones.

134 646 190 688 3⁰.
221 636 324 677 Cum
356 638 395 676 in
432 635 887 687 Monocotyledonibus'
912 634 1060 675 defeau
1092 635 1256 676 corollae
1286 635 1421 675 unicus
1453 635 1524 674 ha-

82 701 225 743 beatur
254 703 481 744 insertionis
511 702 651 741 modus
667 731 678 748 ‚
704 701 846 753 nempe
869 702 1048 742 absolute
1078 703 1324 742 immediatus
1340 732 1352 750 ‚
1377 701 1526 741 trifaria

80 769 175 811 inde
194 772 331 825 nequit
349 770 576 822 amplificari
591 781 722 808 earum
743 768 967 808 distributio
991 770 1180 809 exhibens
1201 770 1236 808 in
1255 769 1399 822 triplici
1416 768 1527 812 classe

81 836 244 877 stamina
278 837 496 889 hypogyna
514 867 525 884 ‚
562 835 781 889 perigyna‚
817 836 1020 889 epigyna3
1060 848 1131 876 nec
1160 835 1340 876 ulteriori
1369 836 1527 889 quidem

82 902 344 953 disjunftione
369 903 545 954 indigent
572 901 703 942 claffes
729 903 864 954 paucis
887 902 1092 941 ordinibus
1115 902 1302 954 gravidae.

131 978 191 1017 4⁰.
207 968 527 1021 Dicotyledones
543 969 862 1010 numerofiffimae
878 983 922 1009 ac
939 970 1217 1022 ptaemiffarum
1233 969 1315 1008 fere
1333 969 1505 1021 decuplae
1519 999 1531 1017 ‚

80 1033 251 1075 classium
278 1035 413 1076 verius
440 1036 600 1088 exigunt
630 1036 998 1088 multiplicationem
1014 1067 1026 1084 ‚
1042 1049 1130 1088 quae
1147 1035 1310 1075 corollae
1335 1035 1530 1074 beneficio

79 1101 310 1154 perficietur
333 1102 446 1160 facile
462 1133 473 1151 ,
496 1103 644 1143 mutata
670 1103 863 1156 paulisper
885 1103 1135 1142 ordinatione
1152 1101 1410 1142 Trianonenfi
1427 1133 1438 1150 ,
1461 1102 1531 1141 ha-

57 1159 61 1162 *
81 1168 166 1208 bita
188 1164 432 1210 diversarum
460 1169 717 1210 insertionum
741 1170 895 1209 ratione
920 1169 961 1208 δε
989 1168 1174 1208 distinctis
1201 1168 1371 1209 vicissim
1391 1168 1531 1224 plantis

82 1235 266 1289 apetalis,
293 1234 558 1289 monopetalis
590 1236 630 1276 δι
655 1236 909 1290 polypetalis.

138 1311 192 1354 5⁰.
221 1302 400 1355 Apetalae
421 1334 433 1352 ,
463 1302 604 1355 utpote
631 1302 886 1354 simpliciores
916 1302 982 1341 {eu
1008 1315 1090 1341 uno
1124 1314 1273 1354 organo
1304 1302 1498 1342 destitutae
1517 1329 1530 1348 ‚

81 1369 222 1422 primae
244 1369 407 1410 subeunt
424 1369 864 1422 Monocotyledonibus
883 1369 1127 1420 subjacentes
1144 1370 1320 1408 {imiliter
1337 1369 1500 1420 apetalis
1513 1397 1527 1413 ,

84 1435 128 1475 δι
156 1436 305 1489 pariter
330 1436 535 1487 tripartitae
553 1436 782 1476 staminibus
806 1435 1034 1477 immediate
1058 1436 1271 1490 epigynis‚
1298 1435 1502 1487 perigynis
1518 1465 1531 1483 ‚

72 1492 327 1556 'hypogynis

137 1568 194 1609 60.
222 1569 267 1609 In
295 1570 565 1625 Monopetalis
594 1571 918 1625 subsequentibus
947 1571 1109 1611 stamina
1139 1570 1279 1622 saepius
1313 1568 1533 1622 epipetala,

83 1635 290 1688 propriam
321 1636 410 1676 ideo
438 1637 506 1677 vix
537 1638 690 1678 variant
715 1637 969 1677 insertionem
990 1668 1002 1686 ,
1030 1637 1093 1676 cui
1122 1636 1361 1675 substituitur
1388 1634 1533 1686 triplex

86 1701 253 1742 corollae
281 1703 400 1755 ipfius
428 1703 677 1745 staminiferae
704 1704 864 1744 insertio
892 1705 1139 1756 hypogyna,
1161 1703 1352 1755 perigyna
1377 1701 1417 1740 δι
1448 1689 1535 1753 episs

85 1780 206 1820 gyna.
232 1767 394 1822 Insuper
416 1771 456 1810 in
483 1772 674 1825 epigynia
698 1772 968 1813 discernuntur
994 1772 1042 1810 ab
1066 1770 1237 1810 antheris
1262 1768 1446 1807 distineris
1471 1780 1536 1806 an-

86 1836 213 1876 therae
239 1846 419 1875 connatae
445 1849 532 1889 quae
560 1840 806 1878 numerosam
827 1837 1151 1890 Compofitarum
1184 1835 1319 1875 seriem
1343 1833 1447 1873 reste
1469 1832 1536 1872 de·

87 1901 234 1944 finiunt
253 1916 262 1941 τ
280 1904 383 1943 unde
405 1903 651 1957 quadruplex
673 1905 788 1944 facile
807 1905 920 1944 datur
942 1902 1288 1956 Monopetalarum
1310 1900 1443 1939 claffis.

143 1984 201 2018 70.
215 1969 458 2024 Polypetalae
474 1972 674 2024 tripartiti)
697 1972 900 2012 dehiscunt
919 1971 1072 2009 ratione
1089 1967 1314 2008 insertionis
1331 1967 1535 2006 staminum

89 2038 298 2091 epigynae,
324 2038 554 2091 hypogynae
574 2040 614 2079 &
635 2041 838 2092 perigynae
853 2069 864 2087 ‚
887 2049 952 2077 aut
977 2038 1093 2089 ipfius
1113 2036 1277 2076 corollae
1296 2034 1436 2087 saepius
1457 2045 1537 2075 non

92 2103 340 2144 staminiferae
373 2118 476 2161 quae·
497 2118 546 2145 ex
581 2106 721 2146 eodem
757 2119 846 2146 cum
876 2103 1102 2144 staminibus
1136 2101 1279 2156 punSlo
1308 2101 1539 2153 plerumque

92 2182 237 2211 oritur.

143 2237 200 2278 80.
225 2238 589 2292 Dicotyledonibus
621 2241 741 2281 claffis
766 2241 920 2281 additur
943 2239 1092 2279 decima
1111 2268 1122 2286 ,
1163 2238 1310 2289 plantas
1337 2235 1539 2288 complec-

91 2315 180 2345 tens
214 2305 376 2347 diclines
402 2306 636 2358 irregulares
653 2336 665 2352 ‚
699 2307 765 2347 seu
795 2307 1052 2346 insertionum
1087 2303 1232 2355 regulis
1259 2315 1337 2342 non
1364 2301 1540 2341 subditas

94 2371 240 2424 utpote
266 2384 358 2424 quae
383 2371 497 2411 sexus
515 2373 554 2411 in
580 2372 743 2413 diversis
771 2374 935 2413 floribus
954 2371 1149 2424 sejunflos.
1172 2370 1354 2409 habeant.
1373 2367 1548 2407 Stamina

93 2437 135 2478 in
164 2437 346 2478 masculis
379 2438 548 2478 insident
583 2439 697 2479 calici
726 2451 794 2480 aut
821 2440 939 2492 stipiti
973 2437 1073 2478 inita
1107 2436 1234 2489 ipsum
1260 2435 1448 2483 centrali,
1484 2444 1552 2473 aut

94 2503 267 2558 squamae
295 2505 458 2545 calicem
483 2505 733 2546 deficientem
754 2507 959 2560 supplenti.
983 2506 1058 2544 Hae
1076 2503 1242 2543 minoris
1257 2502 1345 2541 sunt
1361 2508 1556 2546 momenti

96 2571 332 2614 insertiones
357 2587 444 2627 quae
475 2584 650 2614 mutuam
679 2573 843 2615 sexuum
872 2573 1174 2614 diffociatorum
1205 2569 1444 2624 posit-ionem
1474 2579 1558 2608 non

97 2637 300 2689 statuunt3
320 2641 361 2682 &
384 2641 536 2682 interea
559 2641 725 2683 diclines
753 2642 897 2697 plantoe
926 2642 1024 2680 hanc
1056 2639 1226 2681 nostram
1251 2648 1294 2676 ut
1318 2635 1360 2676 &
1381 2634 1536 2675 Triano

1215 2704 1246 2755 d
1282 2705 1333 2765 iij

1589 224 1757 259 Methodus

1545 270 1656 303 exinde
1699 269 1753 302 de-

1547 316 1638 348 duz‘lta
1666 320 1695 349 ὃ(
1723 318 1756 346 in

1548 366 1651 393 Horto
1691 364 1748 391 Pa-

1549 405 1661 438 rifienfi
1673 415 1744 437 exa·

1550 463 1627 483 tata.
