1845 2968
1400 134 1478 195 xiij

45 228 113 258 aut
137 228 318 260 crenatus
340 229 407 260 aut
429 220 609 261 dentatus
625 249 637 264 ‚
657 231 725 261 aut
745 219 860 262 acute
882 220 1088 262 laciniatus
1113 222 1180 263 seu
1204 224 1396 275 multifidus
1414 238 1482 266 aut

43 285 186 325 obtuse
201 287 340 326 lobatus
358 300 524 327 numero
538 287 701 327 definito
719 289 784 328 vel
798 289 1018 338 indefinito,
1031 289 1188 341 aequalis
1202 300 1268 329 aut
1281 290 1482 342 inaequalis

44 362 112 391 aut
144 352 341 394 interdum
370 354 607 406 irregularis.
635 356 777 396 Altero
805 356 965 396 nomine
991 355 1103 396 datur
1131 356 1232 397 calix
1263 358 1302 395 in
1335 357 1484 398 Muscis

43 419 254 470 peculiaris
277 422 510 474 perichaetium
536 422 659 462 dietus
680 423 729 461 ab
758 433 898 462 eorum
922 423 1101 476 calyptra
1121 423 1418 471 diversissimus,
1443 425 1484 463 in

42 484 187 538 Fungis
208 489 322 527 volva
351 489 650 529 membranacea
674 488 804 528 calicis
829 489 945 529 instar
973 489 1132 542 fungum
1158 490 1353 543 juniorem
1382 490 1485 544 saepe

42 548 216 598 fovens,
250 554 292 593 in
321 554 576 595 Amentaceis
598 553 823 607 quibusdam
847 555 999 607 squama
1023 555 1268 596 deficientem
1302 556 1486 610 supplens

44 617 206 659 calicem
221 648 233 667 ‚
263 619 303 659 in
333 621 552 673 aggregatis
579 621 745 660 floribus
768 620 869 659 calix
892 623 1114 662 communis
1136 622 1382 663 multiflorus.

96 684 258 726 Corolia
272 716 284 735 ‚
302 687 469 728 interius
489 698 673 739 tegumen
684 715 696 735 ‚
716 698 766 726 ex
778 687 883 726 libro
900 688 1108 740 pedunculi
1123 700 1209 729 nata
1224 720 1236 738 ‚
1253 684 1484 743 plerumque

43 752 222 793 colorata
244 784 256 803 ‚
294 755 335 793 in
365 753 596 807 quibusdam
622 749 776 805 =plantis
812 753 917 793 nulla
940 762 958 779 α
978 784 989 802 ,
1015 755 1177 794 existens
1200 756 1239 794 in
1271 757 1446 808 pluribus
1470 787 1485 806 ,

40 819 133 859 ante
161 819 478 860 fecundationem
506 820 646 871 vigens
668 850 680 869 ‚
708 820 869 873 posthac
897 821 1039 873 saepius
1061 823 1208 861 decidua
1237 836 1326 862 cum
1355 823 1486 863 stami-

43 884 185 932 nibus,
211 897 279 926 aut
305 885 431 925 rarius
453 887 588 925 caduca
606 885 695 938 ipfis
717 885 922 938 fugacior,
943 898 1010 927 aut
1033 888 1228 927 interdum
1250 889 1484 941 persistendo

44 952 254 1003 marcescens
266 951 307 992 δι
320 962 415 992 tunc
429 953 605 992 calicinae
627 953 762 1006 potius
781 954 896 1007 quarn
915 955 1095 1008 petalinae
1109 955 1253 995 indolis
1269 957 1459 1009 particeps
1471 986 1486 1005 ‚

43 1017 238 1072 discrepat
254 1019 406 1072 insuper
432 1029 485 1060 10.
506 1022 661 1061 ratione
677 1021 769 1061 situs
782 1053 794 1070 ,
808 1022 948 1075 utpote
958 1023 1132 1075 perigyna
1148 1022 1215 1062 seu
1231 1022 1350 1062 infixa
1374 1024 1486 1063 calici

40 1095 201 1137 germen
222 1087 410 1128 ambienti
430 1118 443 1137 ,
469 1092 537 1128 au't
556 1089 707 1140 epigyna
731 1089 873 1141 pistillo
896 1089 1098 1142 imposita,
1119 1101 1187 1129 aut
1209 1091 1400 1142 lzypogyna
1416 1089 1484 1129 sub

47 1201 1484 1225 m*

92 1291 111 1310 ⁶
131 1284 404 1332 Tegumentum
429 1284 556 1326 floris,
586 1282 674 1321 dum
700 1281 797 1321 adest
824 1282 993 1331 unicum,
1019 1284 1097 1321 aliis
1114 1284 1231 1330 calix,
1254 1284 1332 1321 aliis
1348 1284 1485 1322 corolla

44 1358 270 1393 nuncupatur
305 1334 495 1384 arbitraria
523 1346 617 1394 lege.
648 1343 928 1384 Tournefortius
959 1347 995 1383 in
1026 1345 1178 1394 isagoge
1208 1360 1241 1392 p.
1272 1360 1319 1392 72
1347 1346 1484 1384 nodum

42 1423 116 1448 non
141 1408 281 1448 solvit
272 1422 426 1448 incertus
444 1408 546 1457 ipse,
571 1409 739 1447 eamdem
762 1421 900 1456 partem
925 1410 962 1447 in
987 1408 1121 1455 Tulipa
1136 1414 1170 1446 &
1189 1409 1401 1455 Hyacintho
1421 1424 1487 1448 co-

44 1474 200 1520 rollam,
229 1475 265 1512 in
291 1471 458 1512 Narcisso
484 1478 515 1511 &
544 1472 640 1511 Iride
670 1473 819 1511 calicem
838 1472 1034 1520 appellans.
1052 1474 1179 1510 Statuit
1197 1484 1319 1511 tamen
1343 1486 1410 1520 pro
1427 1488 1486 1512 ca-

41 1536 110 1575 lice
133 1535 341 1574 habendum
372 1535 442 1576 esse
469 1535 551 1575 clim
576 1538 764 1584 proprium
787 1535 828 1574 fit
851 1535 998 1574 seminis
1013 1537 1242 1575 involucrum
1256 1568 1267 1583 ,
1283 1551 1348 1584 pro
1363 1537 1486 1584 petalis

40 1600 123 1638 clim
145 1598 245 1639 sectis
267 1600 420 1644 accidit,
460 1598 529 1638 five
558 1598 661 1638 brevi
690 1611 814 1647 pereat
834 1598 903 1637 five
928 1600 1045 1638 duret.
1070 1601 1228 1638 Linnaeus
1247 1598 1405 1638 similiter
1421 1614 1488 1638 an-

42 1676 125 1710 ceps
153 1677 246 1702 nunc
271 1663 420 1701 calicem
442 1662 634 1700 Hellebori
656 1676 720 1708 pro
741 1660 880 1700 corolla
903 1666 938 1700 &
962 1659 1124 1710 ejusdem
1149 1663 1266 1709 petala
1290 1664 1490 1701 Ranuncu-

38 1727 152 1775 laceis
181 1727 307 1773 petalis
321 1727 475 1765 omnino
501 1725 624 1764 affinia
648 1738 713 1772 pro
731 1727 897 1764 nectariis
917 1724 1028 1764 sumit
1043 1757 1055 1773 ,
1082 1740 1177 1764 nunc
1193 1739 1372 1775 organum
1389 1726 1484 1764 idem

42 1790 131 1829 dicit
154 1791 330 1828 corollam
355 1791 391 1828 in
415 1789 523 1828 Rheo
542 1821 554 1837 ,
587 1790 739 1828 calicem
765 1791 802 1827 in
829 1791 981 1828 Rumice
997 1818 1010 1833 ,
1034 1788 1246 1836 posthabitis
1271 1788 1484 1828 affinitatum

44 1853 258 1892 rationibus.
289 1856 371 1891 Nec
394 1851 577 1891 feliciores
603 1853 664 1890 alii
696 1852 796 1891 fuere
823 1854 860 1891 iu
885 1850 1091 1891 definienda
1117 1853 1267 1891 corolla.
1297 1856 1331 1891 Si
1364 1865 1486 1893 tamen

46 1919 120 1966 ejus
138 1917 244 1965 origo
258 1921 292 1955 &
310 1928 443 1964 magna
467 1927 549 1953 cum
570 1913 781 1952 staminibus
808 1917 981 1964 cognatio
998 1920 1033 1953 &
1051 1914 1133 1953 usus
1156 1921 1189 1953 &
1210 1914 1325 1955 facilis
1343 1918 1485 1962 peracta

41 1979 299 2020 secundatione
325 1978 502 2026 prolapsio
529 1984 565 2017 &
583 1978 727 2017 habitus
753 1981 790 2016 in
816 1979 975 2026 pluribus
997 1979 1147 2016 floribus
1172 1981 1399 2017 communior
1432 1994 1487 2018 at-

44 2043 141 2082 tente
167 2043 428 2091 perpendantur
447 2074 459 2090 ,
486 2054 569 2080 tunc
592 2043 734 2080 corolla
763 2041 952 2079 definietur
977 2040 1066 2079 illud
1084 2042 1181 2079 floris
1201 2054 1371 2091 tegumen
1388 2046 1485 2091 quod

43 2108 156 2147 calice
174 2108 329 2145 cinctum
355 2119 416 2145 aut
446 2106 615 2144 rarissime
641 2105 804 2149 nudum,
829 2104 1022 2151 pedunculi
1049 2104 1145 2142 libro
1175 2119 1248 2142 non
1273 2107 1487 2153 epidermidi

43 2171 282 2216 continuum,
307 2183 382 2208 non
408 2168 591 2217 persistens
616 2167 677 2206 sed
699 2181 781 2206 cum
807 2167 1016 2205 staminibus
1041 2167 1250 2215 plerumque
1270 2169 1485 2218 deciduum,

45 2232 204 2272 fruetum
231 2234 387 2273 involvit:
417 2246 478 2272 aut
510 2245 664 2272 coronat
696 2263 707 2279 ,
738 2245 924 2280 nunquam
953 2245 1035 2269 cum
1065 2231 1143 2277 ipso
1175 2233 1431 2282 concrescens,
1449 2241 1486 2274 δε·

46 2296 127 2338 suas
146 2311 264 2346 partes
290 2310 374 2335 cum
396 2296 607 2335 staminibus
634 2309 786 2334 numero
811 2295 1006 2343 aequalibus
1030 2293 1152 2342 saepids
1179 2297 1369 2336 alternans.
1397 2301 1487 2338 Haec

44 2363 238 2413 conjuncta
260 2360 357 2410 signa
379 2360 555 2398 corollam
581 2359 711 2398 certius
733 2358 957 2409 distinguunt
972 2372 1048 2406 quae
1072 2361 1238 2405 praeterea
1254 2362 1290 2399 in
1307 2363 1486 2412 ambiguis

45 2427 196 2469 floribus
225 2424 395 2474 analogia
423 2437 668 2472 congerierum
702 2423 892 2471 judicatur.
920 2421 1163 2461 Perianthium
1190 2425 1298 2473 igitur
1328 2426 1484 2465 Na'rciffi

46 2491 209 2538 nudum,
231 2489 385 2540 germini
411 2487 581 2525 adnaturn
611 2491 645 2524 &
678 2486 784 2524 lobos
810 2500 883 2524 non
912 2486 1092 2523 alternans
1126 2485 1359 2533 staminibus,
1383 2502 1484 2527 verus

47 2554 101 2595 est
125 2555 218 2594 calix
243 2551 322 2600 ipso
347 2552 499 2591 docente
529 2551 820 2598 Tourneforti0‚
846 2557 880 2589 δ(
910 2549 1007 2587 idern
1036 2561 1134 2588 extat
1166 2552 1421 2602 consequenter
1442 2554 1482 2590 in

46 2615 258 2667 Hyacinthe
281 2613 429 2665 aliisque
456 2615 617 2654 Liliaceis
647 2612 811 2653 Narcisso
835 2609 1138 2663 conjunctiffimis,
