1845 2968
345 133 443 182 xliv
1727 194 1732 201 ι

344 227 566 279 vegetante
598 229 796 284 praecipua
830 241 874 270 ac
904 226 1130 281 generalior
1153 259 1165 278 ‚
1202 229 1250 270 ad
1286 231 1398 283 cujus
1433 227 1790 274 conformationem
1817 260 1825 268 .

344 294 386 332 ὃ(
408 297 665 336 nutritionem
694 300 733 337 δε
761 297 979 349 praesidium
1008 307 1152 337 caetera
1177 296 1492 339 fructificationis
1522 311 1668 352 organa
1691 310 1790 338 con-

345 373 508 402 currunt
531 394 543 412 ‚
579 364 737 416 posthac
767 364 988 404 arescentia.
1018 365 1176 404 Eritium
1204 368 1486 418 progeneratio
1518 367 1708 407 summum
1735 364 1792 404 est

344 427 509 469 Naturae
548 431 790 484 propositum
829 432 871 470 Sc
902 430 1051 471 funffio
1093 432 1293 484 primaria.
1325 433 1455 485 Hujus
1487 444 1723 486 apparatus,
1749 431 1794 470 &

344 495 560 536 sexualium
589 510 830 549 organorum
863 498 1051 550 dignitas,
1069 499 1109 538 δι
1128 498 1324 538 floralium
1340 501 1593 541 ambientium
1615 498 1792 546 utilitas,

345 563 388 602 8<
409 568 670 616 utrorumque
693 565 777 616 post
796 563 1113 606 secundationem
1139 577 1206 606 aut
1237 568 1540 608 maturationem
1562 566 1791 620 prolapsio,

345 629 503 671 seminis
533 642 611 670 ram
645 631 850 683 magnifice
885 633 1080 673 elaborati
1119 633 1380 685 praestantiam
1413 646 1606 687 arguunt,
1633 633 1675 674 &
1705 633 1793 687 pri·-

347 700 489 738 marias
506 712 553 738 ex
571 712 618 738 eo
634 699 700 740 seu
716 713 764 740 ex
780 700 948 740 corculo
963 732 974 750 ‚
1002 701 1189 757 essentiali
1212 701 1370 741 seminis
1389 712 1522 754 parte,
1536 700 1793 753 >deducendas

346 765 421 804 effe
443 765 723 817 Vegetantium
751 767 965 807 divisiones
991 768 1197 808 affirmant.

138 839 319 885 classcspri-
399 831 562 885 Triplex
591 833 613 873 ὲ
646 847 816 875 numero
844 836 1015 888 partium
1041 837 1194 876 corculi
1221 852 1260 889 p.
1287 837 1366 889 xvij
1390 837 1431 877 δι
1453 835 1625 889 ejusdem
1653 833 1798 888 germi-

118 900 246 964 ffign
259 898 324 919 ‘⁰⁸'
347 900 520 940 nationis
540 902 662 941 modo
680 903 831 943 eruitur
848 904 1012 956 partitio
1035 903 1227 955 generalis
1240 935 1253 949 ,
1282 904 1424 957 nempe
1442 902 1795 955 Acotyledonum3

349 968 772 1020 Monocotyledonum
800 969 841 1008 δι
866 969 1213 1022 Dicotyledonum
1231 1000 1244 1016 ,
1270 971 1347 1022 jam
1374 970 1396 1009 a
1425 969 1626 1010 nonnullis
1658 968 1797 1008 Auto-

348 1034 459 1073 ribus
490 1034 716 1081 celebrata,
746 1037 795 1075 ab
819 1036 906 1076 aliis
932 1036 1174 1090 posthabita,
1198 1038 1235 1076 in
1264 1038 1386 1077 horto
1412 1034 1675 1077 Trianonenfi
1695 1046 1797 1088 prae-

349 1101 468 1153 cipue
498 1113 665 1155 recepta.
693 1103 793 1142 Haec
822 1104 1003 1143 constans
1033 1117 1050 1135 a
1072 1104 1112 1144 δε
1133 1104 1321 1143 naturalis
1340 1104 1542 1156 ablegatur
1557 1114 1686 1143 tamen
1711 1112 1798 1141 tum

347 1181 397 1208 ex
420 1168 666 1221 Fragmentis
683 1170 906 1211 Linnaeanis
928 1183 1011 1212 tum
1037 1185 1086 1212 ex
1105 1171 1393 1211 Adansonianis
1411 1170 1608 1218 Familiis‚
1626 1168 1798 1222 utraque

347 1235 600 1276 ordinatione
616 1237 1015 1290 Monocotyledones
1037 1238 1406 1291 Dicotyledonibus
1431 1238 1677 1278 intermixtas
1701 1247 1798 1276 non·

346 1303 548 1355 nunquam
574 1305 797 1346 exhibente.
817 1306 882 1345 An
906 1317 1037 1346 autem
1060 1306 1196 1358 singuli
1220 1307 1379 1346 ordines
1405 1305 1581 1346 seorsum
1601 1305 1623 1344 a
1641 1301 1797 1344 Natura
1829 1355 1832 1358 Ι

345 1371 636 1411 constituuntur
667 1373 812 1426 absque
843 1372 921 1412 ulla
958 1383 1104 1413 mutuae
1135 1373 1311 1426 ipsorum
1341 1373 1543 1412 affinitatis
1569 1371 1798 1412 confidera-

346 1436 486 1476 tione?
512 1438 575 1477 An
599 1439 741 1478 contra
765 1440 969 1478 communi
998 1452 1103 1479 nexu
1125 1439 1280 1479 claffico
1303 1439 1539 1492 colligantur
1554 1451 1719 1503 omnes„
1739 1437 1796 1478 ita

346 1514 391 1543 ut
420 1504 628 1544 indivisam
661 1506 898 1546 constituant
924 1507 1096 1546 seriem?
1128 1508 1311 1548 Claffium
1343 1507 1584 1547 existentiam
1613 1507 1655 1546 &
1680 1504 1796 1546 fimul

345 1571 606 1624 praestantiam
631 1574 783 1613 corculi
806 1574 981 1613 indicant
1000 1574 1257 1627 probatissimi
1283 1574 1442 1614 ordines
1468 1573 1583 1626 hujus
1602 1572 1795 1613 struGiuri

345 1639 538 1691 primario
567 1639 778 1692 designati,
809 1641 850 1680 &
877 1641 1048 1693 plurium
1078 1642 1220 1681 eodem
1248 1641 1357 1693 signo
1381 1642 1602 1695 praeprimis
1628 1639 1796 1681 confor-

346 1706 469 1745 mium
507 1706 707 1747 manifesta
738 1709 953 1760 cognatio,
984 1708 1028 1748 &
1067 1708 1270 1761 singularis
1302 1709 1461 1749 demum
1491 1708 1672 1762 analogia
1698 1720 1792 1749 cum
1821 1681 1835 1717 ο

388 1909 406 1926 ¹¹
428 1901 628 1939 Caraeteris
648 1901 750 1950 hujus
765 1902 1005 1941 constantiam
1020 1903 1202 1951 denegant
1215 1906 1367 1949 Antores
1383 1902 1548 1941 nonnulli
1569 1902 1630 1949 qui
1646 1900 1788 1947 plantas

339 1963 614 2009 dicotylcdones
627 1967 1000 2013 monocotylcdonum
1014 1967 1228 2015 quandoque
1243 1980 1463 2016 congeneres
1473 1964 1539 2003 css'e
1553 1963 1787 2003 contendunt.

339 2028 395 2064 Sic
419 2028 538 2065 Cae-”tis
564 2027 696 2065 bilobis
723 2029 819 2066 rec‘te
848 2029 1077 2068 consociatur
1106 2031 1329 2068 Melocafius
1355 2043 1397 2067 cx
1420 2029 1564 2066 Linnaeo
1589 2027 1789 2073 unilobus,
1833 2061 1840 2064 .

340 2094 376 2128 ὃ(
403 2092 562 2129 Liliaccis
593 2091 747 2130 unilobis
773 2095 907 2131 Juncus
932 2108 975 2130 cx
1001 2093 1211 2131 Adansonio
1239 2093 1381 2130 bilobus
1405 2106 1416 2136 3
1450 2089 1494 2128 fic
1522 2090 1791 2131 Pcdicularibus

340 2154 474 2194 bilobis
501 2158 723 2195 contermina
740 2156 844 2194 datur
860 2156 1083 2194 Orobanclic
1109 2171 1151 2194 cx
1176 2156 1306 2194 codem
1331 2155 1494 2193 uniloba.
1515 2154 1582 2193 Sed
1598 2155 1792 2195 eaeirerata
1831 2191 1840 2201 ,

341 2218 599 2258 observatione
634 2219 889 2258 confirmanda:
932 2220 1009 2258 sunt
1041 2221 1259 2258 asserrioncs.
1296 2218 1388 2257 Mihi
1427 2218 1572 2267 quidem
1608 2218 1703 2258 visus
1736 2218 1791 2258 est

340 2286 474 2323 Juncus
490 2284 642 2322 omnino
655 2283 820 2322 unilobus
835 2315 845 2330 ,
865 2286 962 2332 cujus
983 2285 1217 2332 germinantis
1242 2283 1368 2325 solium
1387 2285 1596 2329 primarium
1618 2281 1788 2331 fimplcx,

342 2346 442 2391 apice
466 2360 592 2394 gerens
619 2346 773 2385 crustam
790 2345 935 2384 seminis
960 2346 1200 2393 perlistcntcm
1228 2348 1334 2392 (vide
1353 2346 1448 2385 infra
1462 2346 1694 2398 Monocotyl.
1712 2345 1786 2396 obs:

340 2420 378 2456 p.
410 2412 475 2454 ιι)
491 2441 500 2455 ‚
526 2410 597 2447 basi
629 2412 820 2460 vaginante
847 2423 971 2448 caetcra
996 2409 1086 2448 folia
1108 2413 1248 2460 juniora
1268 2411 1527 2458 complcffltur.
1545 2410 1788 2449 Similiter‘re-

343 2471 601 2521 cognoscenda
619 2473 670 2511 est
689 2475 904 2523 germinatio
917 2487 1046 2521 anceps
1069 2474 1308 2513 Aro'idcarum
1323 2481 1357 2513 &
1375 2472 1561 2521 CuCcutae,
1582 2479 1618 2512 &
1633 2472 1787 2512 Ramm-

341 2535 414 2573 euli
437 2535 611 2585 glacialis
638 2538 681 2575 L.
709 2553 750 2576 cx
777 2536 991 2586 quibusdam
1025 2537 1156 2576 folium
1191 2538 1359 2577 seminale
1388 2539 1533 2576 unicum
1558 2538 1784 2583 emittentis,

341 2601 402 2647 qui
434 2600 562 2637 rectius
590 2599 681 2639 forte*
707 2601 959 2640 existimandus
985 2601 1035 2639 est
1057 2601 1212 2641 secundo
1244 2617 1340 2641 anno
1355 2601 1536 2650 pullulans
1557 2599 1785 2649 monopbyl·

343 2661 396 2702 lus
412 2693 423 2710 ‚
442 2662 550 2711 quam
578 2664 693 2711 ptimo
723 2667 933 2714 germinans
959 2665 1140 2704 unilobus.
