1845 2968
318 133 471 185 'xxxiv

324 225 562 283 expeditior.
582 218 786 262 Linnaeani
811 211 1035 269 systematis
1055 211 1256 253 ordinatio
1271 221 1554 268 nonnunquam
1576 202 1778 268 operosa}

323 293 612 350 designationes
639 287 838 328 interdum
869 280 1048 322 difficiles
1072 280 1114 320 &
1143 279 1388 335 frequentior
1418 283 1640 336 plantarum
1667 282 1776 325 diffi-

323 363 499 404 dentium
522 356 736 399 connexio.
764 351 840 392 Sed
869 348 966 388 illud
991 347 1114 400 magis
1139 347 1503 403 circumscriptum,
1532 348 1679 390 certius
1704 348 1777 391 de-

322 426 478 472 finitum
494 457 508 474 ,
535 426 651 479 {ignis
676 421 854 462 innixum
876 415 1014 457 sedulo
1038 416 1210 456 exaratis
1225 416 1268 456 δι
1283 428 1334 458 ex
1353 418 1433 458 una
1455 428 1567 471 parte
1584 416 1776 471 primaria

321 496 591 550 depromptis,
617 485 882 531 numerofiori
908 484 1139 537 superbiens
1153 484 1436 538 Vegetantium
1456 486 1612 539 agmine
1629 485 1702 526 sub
1723 485 1777 526 iis

320 565 534 606 ordinatim
558 560 746 600 militante
765 553 806 594 δι
825 551 955 594 rarius
975 551 1099 594 devio
1112 582 1125 601 ‚
1147 552 1306 593 meliori
1326 552 1491 595 ditatum
1507 553 1776 608 descriptione

318 646 366 674 ac
392 629 709 672 nomenclatione
733 622 818 663 tum
838 621 1024 675 genericai
1041 632 1126 661 tum
1143 620 1349 674 specifica,
1375 622 1554 675 pluribus
1569 622 1774 664 abundans

318 698 565 744 commodis,
584 692 676 733 ideo
703 690 916 746 praevaluit
937 689 1133 730 universo
1156 689 1239 729 fere
1262 690 1549 730 Botanicorum
1567 691 1778 733 consensu.

317 769 416 807 Haec
442 774 572 804 autem
601 760 811 813 systemata
834 758 1050 799 arbitrario
1075 757 1295 798 construaa
1311 789 1323 807 ‚
1357 757 1561 798 scientiam
1583 758 1775 800 exhibent

316 834 493 876 fifiitiam
521 842 601 870 non
628 829 850 869 naturalem
873 827 912 867 δι
942 827 1085 879 plantis
1111 838 1192 866 non
1217 824 1374 878 penitus
1396 825 1684 878 cognoscendis
1703 824 1773 867 sed

313 901 469 941 tantum
497 894 788 950 compendiose
818 894 1053 934 definiendis
1076 906 1121 933 ac
1153 893 1266 933 certo
1290 893 1541 934 nominandis
1563 893 1774 934 addictam.

313 967 508 1008 Habenda
531 965 619 1005 sunt
634 965 754 1017 igitur
773 961 878 1016 quasi
906 960 1095 1015 praeludia
1115 961 1301 1001 botanica
1317 991 1328 1008 ‚
1351 971 1418 1001 aut
1440 962 1660 1015 repertorio
1676 956 1771 1016 apt&

315 1034 461 1088 digesta
476 1065 488 1081 ,
517 1032 743 1086 indicesque
775 1043 855 1071 non
879 1029 1116 1082 alphabetici
1133 1060 1145 1078 ‚
1175 1028 1241 1069 alii
1261 1029 1349 1069 aliis
1380 1030 1680 1070 commodiores
1696 1059 1709 1079 ,
1729 1029 1771 1069 in

312 1103 457 1156 quibus
475 1134 486 1151 ‚
521 1100 734 1141 secundum
765 1099 868 1152 figna
908 1099 946 1137 in
978 1098 1201 1139 faciliorem
1237 1098 1411 1151 propriae
1452 1096 1772 1150 investigationis

311 1169 490 1209 laborem
508 1170 717 1220 mutuique
734 1166 1024 1206 Botanicorum
1040 1166 1272 1206 commercii
1296 1178 1441 1206 nexum
1455 1164 1637 1214 admiffa,
1653 1164 1770 1219 paao

310 1236 451 1276 ordine
473 1234 735 1287 disponuntur
758 1233 902 1285 plantae
920 1264 930 1280 ‚
954 1232 1081 1271 donec
1107 1231 1262 1272 felicius
1287 1231 1429 1272 iterata
1451 1230 1770 1272 meditationem
1804 1246 1816 1255 ·

309 1301 450 1343 seriem
475 1301 573 1342 vere
601 1301 821 1341 naturalem
847 1299 1142 1341 distribuantur.
1827 1295 1845 1425 i

131 1421 250 1450 Verum
360 1406 419 1446 Ex
453 1406 656 1460 praemiflis
690 1405 945 1445 innotescunt
981 1405 1204 1458 plantarum
1238 1415 1369 1458 partes
1397 1403 1449 1445 δῖ
1470 1402 1693 1451 funffiones
1723 1405 1768 1447 δι
1819 1411 1824 1414 ’

98 1463 247 1539 simp*
308 1476 477 1528 partium
520 1474 756 1514 differentiae
794 1473 834 1511 &
871 1471 1090 1513 carasieres
1125 1472 1217 1512 inde
1256 1472 1499 1515 confeciarii.
1536 1473 1768 1515 Noscuntur

75 1516 95 1549 P
113 1517 282 1550 omarum.
308 1543 426 1581 tetiam
463 1542 680 1594 specierum
717 1552 988 1593 generumque
1022 1540 1313 1592 designationes
1340 1540 1382 1580 &
1411 1539 1698 1593 appellationes
1723 1540 1768 1582 δι
1834 1541 1842 1551 ‘

307 1609 418 1649 fimul
451 1610 628 1661 aptiores
663 1619 923 1660 utrarumque
951 1607 1281 1660 perficiendarum
1316 1608 1438 1647 modi.
1469 1607 1682 1661 Neminem
1707 1609 1768 1650 in·

307 1677 420 1728 super
446 1677 621 1728 praeterit
649 1675 740 1715 hinc
766 1675 986 1728 plantarum
1022 1675 1289 1716 ordinationis
1316 1675 1541 1725 neceffitas,
1569 1676 1678 1718 illinc
1702 1689 1768 1718 ar-

305 1744 468 1782 bitraria
495 1757 539 1783 ac
576 1743 806 1795 imperfefta
835 1743 1089 1796 systematum
1119 1742 1324 1795 hucusque
1354 1744 1624 1785 ordinantium
1651 1757 1766 1786 com-

305 1810 451 1863 positio
475 1840 487 1859 ‚
517 1811 736 1851 artificialis
762 1824 843 1852 non
871 1814 1066 1864 genuina,
1093 1811 1203 1852 veris
1231 1811 1489 1851 affinitatibus
1516 1808 1768 1865 proferendis

305 1878 525 1917 nullatenus
547 1880 851 1919 accommodata
867 1881 908 1920 &
923 1880 1059 1919 utilem
1083 1879 1364 1919 tantummodo
1388 1879 1564 1919 verioris
1588 1879 1778 1920 scientiae·

304 1945 551 1997 prospeftum
588 1946 790 1986 exhibens.
825 1946 880 1986 Ea
911 1959 1024 1986 novo
1055 1946 1121 1986 sub
1148 1945 1305 1999 aspeetu
1330 1957 1435 1986 nunc
1460 1945 1763 1996 confideranda‚

304 2025 384 2053 non
412 2012 566 2052 faetitiis
594 2013 654 2052 sed
685 2014 998 2054 immutabilibus
1028 2013 1231 2066 subjicitur
1258 2014 1411 2067 legibus
1435 2025 1532 2065 quas
1548 2012 1701 2054 Natura
1721 2013 1763 2054 in

306 2079 448 2130 plantis
473 2080 608 2131 aperte
632 2080 853 2133 insculpsit,
878 2081 1043 2120 cuilibet
1069 2080 1217 2120 assiduo
1243 2079 1501 2120 observatori
1529 2077 1767 2123 manifestas.

302 2145 540 2187 Botanicum
566 2148 634 2188 diu
660 2147 798 2188 delusit
823 2160 956 2188 errans
980 2158 1048 2187 aut
1074 2160 1177 2199 vaga
1203 2147 1320 2186 nimis
1338 2146 1521 2186 definitio
1545 2157 1562 2174 ⁴
1588 2147 1763 2196 scientiae
1786 2156 1845 2322 d

355 2330 371 2348 a
400 2316 585 2351 Botanices
618 2322 698 2360 pars
729 2313 827 2359 prior
859 2311 894 2349 in
926 2309 1022 2348 reeta
1046 2311 1249 2357 plantarum
1283 2311 1497 2360 cognitione
1531 2309 1594 2350 fita
1625 2311 1702 2351 est.
1722 2337 1760 2357 ..

307 2376 450 2414 Plantas
476 2379 632 2424 apprime*
658 2373 754 2415 nosse
781 2376 879 2414 aliud
905 2375 997 2413 nihil
1025 2374 1169 2413 videtur
1185 2404 1195 2419 ,
1229 2389 1338 2424 quam
1360 2377 1397 2413 in
1423 2389 1595 2424 promptu
1621 2377 1759 2419 habere

310 2441 458 2477 nomina
482 2453 557 2485 quat
586 2443 625 2477 ii<
650 2440 728 2487 aptex
750 2437 913 2486 imposita
941 2434 1034 2475 sunt.
1062 2436 1194 2476 Toum.
1213 2438 1362 2488 [sag-P·
1390 2451 1404 2476 1
1424 2467 1457 2476 ..
1474 2466 1483 2476 .
1505 2441 1680 2478 Botanica
1705 2439 1758 2480 est

309 2503 464 2540 scicntia:
481 2506 645 2542 naturalis
667 2519 771 2551 pars,
792 2507 889 2552 cujus
906 2518 974 2551 ope
1003 2501 1198 2542 felicillimd
1221 2509 1256 2541 ὃ(
1280 2505 1603 2553 minimo·ncgotio
1622 2504 1757 2545 Plantae

308 2565 576 2614 cognoscuntur
607 2575 641 2606 δε
664 2571 699 2606 in
724 2567 901 2607 memoria
925 2570 1132 2607 retinentur.
1169 2567 1302 2607 Boerlz.
1324 2569 1423 2618 Hist.
1446 2575 1511 2607 16.
1528 2592 1561 2608 ..
1581 2571 1755 2609 Botanica

307 2631 357 2668 est
379 2630 526 2670 scicntia
549 2634 720 2672 naturalis
735 2647 814 2683 quae
840 2635 1096 2684 vegetantium
1112 2635 1360 2684 cognitionem
1379 2632 1500 2674 tradit.
1517 2632 1625 2674 Linn.
1646 2631 1753 2673 Phil.

308 2692 396 2736 Boc.
420 2709 456 2736 η.
485 2711 520 2745 4.
