1845 2968
434 55 1185 102 CORYmssleka-Z.
1454 70 1543 122 177

567 277 852 324 ORDO
916 278 1062 324 III.

144 399 723 448 CORYMBIFERAE‚
769 401 881 439 LEs
930 390 1484 441 CORYMBIFERES.

93 494 358 567 FLORES
405 515 481 563 vel
529 512 757 562 flosculofi
797 532 960 562 omnes
992 553 1004 573 ,
1037 515 1114 562 vel
1157 514 1353 573 radiati,
1394 515 1443 563 id
1475 516 1540 564 est

93 576 322 626 flosculosi
352 582 400 625 in
438 576 564 626 disco
595 582 647 626 ὃ(
681 579 863 642 ligulati
891 582 939 626 in
975 579 1121 626 radio.
1153 577 1402 626 Flosculosi
1433 580 1538 645 ple-

94 658 297 708 rumque
336 641 709 706 hermaphroditi
763 659 970 695 omnes;
1022 643 1260 690 interdum
1313 645 1538 692 centrales

92 703 469 771 herm-aphroditi
500 745 512 763 ,
553 706 831 769 marginales
873 702 1086 753 foeminei
1121 722 1201 754 aut
1241 711 1422 761 neutri3
1463 725 1538 755 ra·-

94 768 190 816 ritis
230 771 452 817 centrales
496 767 723 826 masculi,
763 771 1040 833 marginales
1083 768 1310 818 foeminei.
1349 770 1540 819 Radiati

93 834 342 898 nunquam
374 833 750 896 hermaphroditi
774 850 937 879 omnes
963 873 974 891 ,
1020 832 1098 881 sed
1128 851 1255 881 nunc
1287 833 1402 899 saepe
1437 835 1540 884 fios-

94 897 212 944 culis
252 896 646 960 hermaphroditis
691 899 744 944 δε
794 897 945 960 ligulis
989 894 1221 945 foemineis
1266 913 1347 945 aut
1388 899 1536 947 rarius

93 962 268 1007 neutris
293 1000 306 1018 ‚
350 977 476 1008 nunc
525 960 766 1007 interdum
808 960 1007 1008 flosculis
1042 963 1255 1009 malculis
1292 964 1346 1009 &
1384 964 1538 1027 ligulis

91 1019 326 1071 foemineis
363 1024 583 1071 instructi.
618 1025 754 1072 Calix
787 1027 1053 1072 communis
1083 1026 1421 1092 monophyllus
1456 1041 1538 1074 aut

90 1087 397 1154 polyphyllus
421 1127 432 1145 ‚
467 1086 659 1152 simplex
686 1103 765 1135 aut
791 1088 1062 1136 caliculatus
1098 1094 1173 1136 leu
1206 1093 1381 1137 cinetus
1419 1092 1536 1138 cali-

91 1151 203 1199 culo
244 1155 473 1199 exteriore
518 1167 599 1198 aut
639 1152 943 1210 imbricatus,
986 1152 1269 1201 multiflorus
1306 1169 1386 1200 aut
1426 1154 1536 1202 raro

90 1215 374 1280 pauciflorus
398 1216 481 1263 vel·
506 1214 762 1273 uniflorus,
796 1220 1089 1281 receptaculo
1127 1220 1372 1265 communi
1405 1219 1537 1266 nudo

92 1292 176 1326 aut
206 1280 311 1344 pilis
346 1280 423 1326 vel
458 1279 599 1344 paleis
637 1279 771 1327 flores
806 1280 1192 1344 distinguentibus
1224 1284 1362 1328 tecto,
1403 1281 1536 1329 Flos-

90 1342 188 1390 culi
222 1341 381 1406 saepius
412 1343 705 1408 quinquefidi
728 1382 740 1400 ‚
785 1344 928 1390 rarius
967 1347 1026 1391 tri
1060 1359 1140 1391 aut
1171 1345 1439 1409 quadrifidi.
1463 1347 1540 1393 Li-

36 1458 42 1463 ,
89 1406 208 1470 gulae
235 1409 368 1471 apice
403 1410 590 1471 integrae
620 1421 700 1454 aut
732 1406 941 1454 dentatae.
980 1409 1193 1455 Stamina
1224 1412 1272 1455 in
1302 1405 1538 1457 foemineis

93 1472 149 1518 &
208 1474 382 1517 neutris
433 1472 563 1518 nulla
593 1510 605 1528 ‚
663 1471 712 1517 in
767 1471 1160 1536 hermaphroditis
1219 1474 1272 1520 &
1321 1470 1536 1520 masculis

92 1535 307 1598 quinque
331 1574 343 1592 ‚
381 1534 528 1580 rarius
562 1549 767 1599 quatuor
788 1574 800 1592 ,
838 1536 1040 1581 antheris
1071 1539 1119 1582 in
1154 1535 1325 1583 tubum
1356 1536 1536 1584 coalitis

93 1598 342 1657 (rarissime
382 1597 601 1644 distinctis
643 1600 696 1646 &
731 1600 1066 1662 approximatis
1094 1638 1105 1657 ‚
1144 1614 1195 1646 ut
1226 1602 1274 1646 in
1307 1600 1496 1646 Kuhnia
1521 1639 1537 1659 ,

92 1660 341 1708 Artemisia
379 1663 432 1709 ὃ(
473 1657 814 1728 Corymbiferis
861 1663 1105 1710 anomalis.
1132 1667 1160 1721 >.
1196 1663 1378 1726 Stigma
1418 1663 1537 1728 stylo

92 1727 377 1771 continuum
399 1763 410 1782 ,
436 1724 832 1790 hermaphroditis
863 1728 915 1772 &
945 1723 1178 1786 foemineis
1217 1727 1409 1773 fioribus
1447 1729 1539 1774 du·-

129 1788 234 1845 lex‚
269 1785 484 1835 masculis
521 1788 714 1853 simplex
739 1828 750 1845 ‚
786 1792 959 1835 neutris
995 1789 1188 1853 simplex
1221 1806 1301 1836 aut
1334 1791 1538 1837 nullum.

94 1803 264 1898 {emen
320 1851 522 1898 nudum¹
557 1868 637 1898 aut
684 1867 962 1899 coronatum
1051 1869 1190 1916 appo.
1242 1853 1410 1900 Herbae
1458 1868 1540 1900 aut

94 1915 386 1980 quandoque
415 1911 601 1963 frutices
634 1913 960 1963 suffruticesve.
1028 1918 1121 1962 olia
1150 1918 1197 1962 in
1232 1916 1446 1979 plurimis
1470 1917 1540 1964 al·—

95 1993 257 2036 oerna,
288 1982 338 2026 in
398 1983 524 2026 aucis
568 1978 795 2043 opposita.
834 1979 1025 2025 Florum
1064 1977 1213 2025 discus
1256 1980 1539 2045 plerumque

94 2042 271 2095 luteus·,
299 2059 349 2090 ra
385 2044 454 2090 ius
475 2041 588 2108 saep‘e
612 2043 839 2090 concolor
856 2082 867 2099 ,
891 2042 1237 2108 nonnunquam
1259 2041 1474 2091 discolor.

99 2187 121 2196 -·
160 2165 195 2212 I.
229 2165 602 2230 Receptaculum
636 2166 833 2214 nudum.
871 2166 1041 2214 Semen
1074 2163 1351 2231 papposurn.
1379 2167 1537 2218 Flores

225 2240 471 2291 flosculofi.
511 2248 600 2303 (Itz
642 2248 816 2292 Mutila*
838 2285 851 2304 ,
887 2245 1141 2309 Barnadestci
1162 2284 1176 2303 ‚
1218 2247 1393 2308 Leyfird
1406 2250 1538 2312 flores

227 2323 380 2367 radiati
398 2326 427 2375 ).

36 2448 42 2457 ·
97 2429 342 2474 KUHNIA,
374 2429 417 2468 L.
439 2431 457 2450 ⁴*
482 2429 618 2469 Flores
647 2430 847 2470 flosculofi.
874 2428 989 2469 Calix
1008 2429 1238 2468 imbricatus
1261 2431 1454 2485 oblongus
1472 2442 1542 2487 cy-v

149 2482 337 2522 liudricus
354 2512 365 2530 ‚
391 2481 546 2521 circiter
577 2482 837 2534 10-15-ssorus.
869 2483 1062 2523 Antherae
1091 2482 1276 2523 distinEtae
1303 2485 1544 2535 cylinciricae.

139 2533 341 2585 *Stigmata
377 2533 504 2585 longa.
541 2534 693 2586 Pappus
734 2535 947 2585 plumoxus,
982 2536 1138 2572 cxiraaer
1165 2548 1211 2571 ex
1239 2535 1391 2575 Linncro.
1422 2539 1542 2577 lv'lorcs

142 2586 406 2640 subcorymbofi
436 2586 646 2626 terminales.
679 2586 838 2625 Habitus
871 2585 1064 2638 Eupatorii
1091 2616 1105 2635 ,
1129 2585 1196 2639 scd
1220 2583 1319 2637 folia
1345 2590 1479 2639 alterna
1505 2590 1542 2636 ὗε

1261 2654 1317 2702 Μ
