1845 2968
1413 155 1472 218 'ix

32 242 162 298 ftapus
184 242 224 284 in
251 243 380 285 herbis
395 241 624 297 quibusdam
644 242 823 282 radicalis
845 241 995 283 florifer
1022 254 1101 282 non
1126 241 1284 284 foliatus
1299 273 1314 290 ‚
1338 245 1476 283 culmus

39 310 79 348 in
105 309 331 351 Gramineis
355 310 552 351 fistulosus
576 323 644 363 per
672 310 882 353 intervalla
904 310 1076 350 nodosus
1093 340 1104 356 ,
1120 312 1228 364 stipes
1251 311 1477 351 incrassatus

39 377 78 419 in
103 376 273 431 Fungis‚
293 380 434 418 caudex
461 378 581 417 radici
598 379 809 418 continuus
828 378 869 417 &
884 378 988 431 quasi
1005 378 1222 419 conformis
1235 378 1481 430 cylindricus

41 443 168 485 nudus
190 445 260 484 sub
278 444 472 485 foliorum
497 444 683 484 fasciculo
707 444 873 497 simplici
902 445 1005 485 ultra
1035 445 1277 486 caulescente
1307 446 1349 485 in
1374 445 1482 484 Dra->

41 505 177 558 caena,
200 509 360 557 Yuccfi,
381 511 522 562 Agave
535 540 546 558 ‚
566 510 721 550 Palmis.

88 575 202 617 Folia
229 577 525 630 perspirationis
553 577 593 616 δε
622 576 874 616 inhalationis
899 589 1047 630 organa
1076 577 1274 631 praecipua
1295 607 1310 624 ‚
1335 576 1482 630 saepiiis

37 638 267 690 existentia,
293 642 386 682 rar&
411 643 539 690 nulla,
570 654 671 680 nunc
694 642 869 692 petiolata
893 642 958 681 seu
983 645 1115 694 perimo
1138 645 1243 682 nmio
1272 654 1336 682 aut
1357 643 1480 685 rarius

39 705 146 747 alato
169 707 393 756 insidentia,
415 720 517 748 nunc
530 707 660 758 seffilia
684 706 824 747 eodem
846 708 1028 748 destituta
1044 738 1058 754 ‚
1087 710 1163 749 husi
1193 711 1294 749 nuda
1324 721 1389 749 aut
1408 710 1480 761 sti-

32 774 161 827 pulata
192 773 261 814 seu
295 775 431 828 stipata
461 774 699 813 membranis
725 773 987 826 squamulisve
1000 776 1210 828 stipularum
1238 776 1398 815 nomine
1419 776 1482 815 in-

34 840 211 893 signitis,
235 841 390 880 variant
418 839 637 893 praeprimis
666 840 758 880 loco
783 870 795 889 ‚
834 840 934 889 situ,
969 840 1216 890 direffione,
1244 842 1450 882 duratione
1468 871 1482 890 ,

37 906 229 948 struQura
254 906 417 959 simplici
445 918 513 947 aut
542 907 762 961 composita
790 908 831 947 ὃ(
859 906 1068 947 foliatione
1092 907 1159 948 seu
1188 909 1314 960 prima
1341 908 1483 948 evolu-

36 963 159 1014 tiotie.
187 973 411 1014 Numerosa
438 974 531 1014 inde
563 974 667 1025 figna
697 973 988 1015 distinstionum
1020 986 1210 1014 eruuntur
1236 975 1373 1021 utilia,
1400 987 1483 1014 non

33 1039 98 1077 hic
126 1039 285 1090 prolixe
305 1039 539 1079 recensenda
557 1040 692 1080 omnia
707 1070 718 1089 ,
739 1040 805 1080 sed
825 1041 1097 1094 praestantiora
1115 1041 1268 1081 tantum
1293 1042 1484 1082 elicienda

36 1104 200 1145 semotis
215 1106 373 1147 caeteris
389 1107 611 1147 accuratius
624 1107 718 1147 alibi
733 1109 961 1148 memoratis
976 1119 1093 1161 atque
1106 1108 1289 1148 definitis.
1304 1108 1356 1147 10.
1370 1107 1483 1148 Folia

36 1171 192 1212 ratione
225 1172 306 1212 loci
337 1172 563 1212 insertionis
597 1173 687 1212 sunt
715 1174 921 1221 radicalia,
951 1175 1120 1219 mulina,
1156 1189 1270 1213 ramea
1291 1204 1302 1223 ,
1324 1163 1485 1227 floralia·

37 1238 94 1280 2⁰.
121 1239 295 1280 Ratione
323 1240 418 1280 situs
448 1241 600 1294 proprii
635 1252 700 1280 aut
731 1242 858 1281 mutui
890 1241 978 1281 sunt
1009 1242 1281 1294 amplexicaulia
1309 1252 1377 1280 aut
1402 1255 1484 1294 per·

27 1306 166 1359 foliata
196 1316 264 1346 aut
289 1308 504 1360 vaginamia
531 1307 683 1348 caulem
710 1309 853 1360 partim
885 1319 952 1348 aut
978 1309 1145 1348 omnino
1178 1309 1255 1348 basi
1287 1308 1483 1361 cingentia

36 1383 105 1412 aut
141 1373 288 1426 vagina
320 1374 620 1427 compie&entia
643 1404 655 1422 ‚
690 1375 907 1414 decurrentia
939 1375 1017 1414 basi
1047 1376 1233 1427 utrinque
1261 1376 1301 1414 in
1333 1375 1487 1414 caulem
1527 1407 1529 1409 .

35 1439 127 1496 inde
155 1439 330 1490 alatum,
357 1442 494 1480 alterna
518 1441 661 1493 passim
694 1441 841 1494 absque
872 1441 1012 1481 ordine
1041 1453 1182 1482 exorta
1199 1473 1209 1490 ‚
1231 1444 1386 1495 opposita
1415 1454 1484 1493 ge-

36 1507 145 1546 mina
169 1520 219 1547 ex
253 1507 442 1560 opposito
470 1507 663 1547 nascentia
695 1507 848 1547 basibus
874 1508 1068 1547 interdum
1102 1510 1266 1546 connatis
1284 1538 1295 1556 ,
1325 1509 1488 1547 vertici&

37 1574 113 1612 lata
128 1572 204 1613 tria
229 1585 296 1614 aut
322 1575 433 1627 plura
449 1575 487 1614 in
502 1573 642 1615 orbem
662 1574 844 1627 oppofita
858 1605 869 1620 ,
887 1576 1036 1627 disticha
1061 1574 1270 1615 secundum
1289 1575 1487 1627 duplicem

37 1639 420 1693 oppofitam'seriem
436 1672 447 1690 ,
477 1642 590 1694 plura
603 1642 824 1696 fizsciculata
845 1655 912 1682 aut
937 1642 1143 1682 numerosa
1165 1642 1285 1682 dense
1309 1641 1487 1693 conferta,

37 1719 105 1748 aut
133 1708 342 1748 imbricatim
365 1709 506 1749 mutuo
534 1709 815 1749 incumbentia.
846 1709 908 1762 30.
939 1709 1112 1749 Ratione
1143 1708 1374 1749 direffionis
1405 1708 1490 1748 sunt

36 1778 143 1816 erecta
159 1805 171 1823 ‚
192 1775 422 1828 horisbntalia
437 1805 452 1822 ,
478 1778 730 1829 dependentia,
747 1777 851 1817 cauli
875 1778 1030 1830 appnffz
1045 1788 1112 1816 aut
1130 1777 1294 1830 patentia
1310 1808 1321 1825 ‚
1349 1777 1495 1828 inflexa

39 1853 108 1883 aut
136 1844 290 1894 reflexa,
315 1847 405 1881 reela
428 1852 495 1881 aut
517 1844 671 1894 obliqua.
694 1849 750 1891 40.
766 1844 939 1884 Ratione
966 1845 1188 1884 durationis
1209 1844 1296 1884 sunt
1315 1845 1488 1894 decidua,

39 1910 282 1963 persistentia,
300 1908 601 1962 sempervirentia.
634 1925 686 1962 50.
712 1911 883 1952 Ratione
915 1911 1116 1951 struc‘iurae
1146 1912 1313 1963 plurima
1347 1910 1489 1950 dantur

26 1978 209 2030 simplicia
234 1977 303 2018 seu
326 1976 442 2030 supra
465 1977 659 2028 petiolum
688 1977 864 2017 solitaria
888 1991 971 2016 non
995 1979 1138 2030 partita
1159 1991 1166 2013 τ
1188 1978 1330 2016 horum
1360 1975 1490 2016 forma

36 2045 92 2086 est
113 2045 284 2093 linearis,
305 2044 477 2097 subulam
499 2074 511 2092 ,
539 2045 764 2093 lanceolata,
793 2045 928 2097 hastata
944 2075 956 2093 ,
976 2044 1150 2096 sagittata
1174 2075 1185 2093 ‚
1218 2045 1389 2083 deltoidea
1422 2044 1490 2085 seu

37 2113 259 2166 triangula,
289 2112 446 2151 rhombea
477 2111 544 2150 seu
574 2112 822 2164 inaequaiiter
850 2110 1114 2164 quadrangula
1132 2141 1142 2158 ‚
1170 2112 1314 2149 cordata
1333 2143 1345 2161 ,
1374 2113 1491 2150 obcor-

38 2185 125 2220 data
140 2208 154 2225 ‚
178 2177 400 2230 renifbrmis,
428 2179 636 2218 orbiculata.
663 2179 807 2234 Margo
839 2179 892 2219 est
919 2180 1080 2231 integer,
1107 2178 1280 2226 ciliatus,
1299 2179 1490 2231 spinosas,

39 2252 202 2288 dentatus
223 2246 405 2286 dentibus
418 2246 544 2286 acutis
559 2247 747 2294 remotis,
764 2246 917 2297 serratus
938 2245 1074 2285 iisdem
1093 2245 1308 2297 proximis,
1328 2258 1489 2283 crematus

39 2315 176 2355 iisdem
203 2303 379 2361 obt'usis,
393 2314 582 2364 sinuatus,
607 2314 745 2351 lobatus
768 2312 873 2352 lobis
897 2314 1022 2352 acutis
1037 2324 1102 2350 aut
1127 2311 1274 2350 obtusis
1291 2312 1392 2350 sinus
1415 2311 1488 2350 dis-

37 2381 309 2434 tinguentibus
326 2411 338 2428 ,
352 2381 535 2433 palmatus
571 2380 704 2419 iisdem
739 2380 777 2419 in
808 2393 930 2419 unum
961 2379 1144 2431 puncium
1172 2378 1489 2423 confluentibus,

35 2448 272 2501 pinnatifidus
296 2447 496 2499 oblongus
519 2447 707 2486 lateribus
728 2447 916 2499 utrinque
938 2446 1086 2499 pluries
1107 2445 1302 2497 profunde
1328 2445 1489 2485 sinuatis

42 2514 84 2553 δι
104 2514 251 2555 iubatis
268 2545 279 2563 ‚
300 2515 506 2554 runcinatus
529 2513 634 2553 idem
663 2512 747 2554 fere
774 2514 879 2554 iobis
896 2513 1022 2553 acutis
1045 2511 1264 2567 retrorsum
1280 2512 1487 2552 uncinatis.

41 2583 156 2634 Apex
184 2581 240 2622 est
260 2594 389 2620 acutus
406 2612 418 2630 ,
444 2582 699 2630 acuminatus,
726 2582 867 2634 obtusus
883 2612 895 2629 ,
921 2591 1129 2628 truncatus,
1155 2580 1312 2631 retusus,
1341 2580 1489 2632 emargi-

39 2661 154 2689 nams.
173 2648 411 2703 Superficies
424 2649 578 2705 paginae
595 2649 812 2703 superioris
827 2659 894 2691 aut
910 2647 1111 2690 inferioris
1127 2647 1266 2696 nitida,
1280 2647 1381 2687 lavis
1397 2674 1410 2691 ,
1436 2658 1488 2684 to-
