<?xml version="1.0" encoding="UTF-8"?>
<!DOCTYPE html PUBLIC "-//W3C//DTD XHTML 1.0 Transitional//EN"
    "http://www.w3.org/TR/xhtml1/DTD/xhtml1-transitional.dtd">
<html xmlns="http://www.w3.org/1999/xhtml" xml:lang="en" lang="en">
 <head>
  <title>
</title>
<meta http-equiv="Content-Type" content="text/html;charset=utf-8" />
  <meta name='ocr-system' content='tesseract 3.04.00' />
  <meta name='ocr-capabilities' content='ocr_page ocr_carea ocr_par ocr_line ocrx_word'/>
</head>
<body>
  <div class='ocr_page' id='page_1' title='image "./generaplantarums00juss_0092.png"; bbox 0 0 1845 2968; ppageno 0'>
   <div class='ocr_carea' id='block_1_1' title="bbox 343 125 1839 1745">
    <p class='ocr_par' dir='ltr' id='par_1_1' title="bbox 343 125 1839 1745">
     <span class='ocr_line' id='line_1_1' title="bbox 376 125 459 191; baseline -0.048 -12"><span class='ocrx_word' id='word_1_1' title='bbox 376 125 459 191; x_wconf 82' lang='lat' dir='ltr'>lxij</span> 
     </span>
     <span class='ocr_line' id='line_1_2' title="bbox 376 202 1826 261; baseline 0.003 -14"><span class='ocrx_word' id='word_1_2' title='bbox 376 205 568 248; x_wconf 88' lang='lat' dir='ltr'>consensu</span> <span class='ocrx_word' id='word_1_3' title='bbox 593 205 692 247; x_wconf 75' lang='lat' dir='ltr'>vere</span> <span class='ocrx_word' id='word_1_4' title='bbox 717 203 911 246; x_wconf 84' lang='lat' dir='ltr'>naturales</span> <span class='ocrx_word' id='word_1_5' title='bbox 931 231 944 250; x_wconf 93' lang='lat'>‚</span> <span class='ocrx_word' id='word_1_6' title='bbox 976 202 1019 242; x_wconf 78' lang='grc' dir='ltr'>δι</span> <span class='ocrx_word' id='word_1_7' title='bbox 1047 203 1346 257; x_wconf 76' lang='lat' dir='ltr'>computatione</span> <span class='ocrx_word' id='word_1_8' title='bbox 1372 206 1535 261; x_wconf 78' lang='lat' dir='ltr'>posthac</span> <span class='ocrx_word' id='word_1_9' title='bbox 1559 207 1730 251; x_wconf 65' lang='lat' dir='ltr'>instituti</span> <span class='ocrx_word' id='word_1_10' title='bbox 1754 219 1826 254; x_wconf 70' lang='lat' dir='ltr'>ca.-</span> 
     </span>
     <span class='ocr_line' id='line_1_3' title="bbox 374 270 1822 334; baseline 0.001 -19"><span class='ocrx_word' id='word_1_11' title='bbox 374 273 516 315; x_wconf 64' lang='lat' dir='ltr'>raReri</span> <span class='ocrx_word' id='word_1_12' title='bbox 543 274 705 314; x_wconf 80' lang='lat' dir='ltr'>cuilibet</span> <span class='ocrx_word' id='word_1_13' title='bbox 726 272 891 312; x_wconf 89' lang='lat' dir='ltr'>totidem</span> <span class='ocrx_word' id='word_1_14' title='bbox 917 270 1144 334; x_wconf 81' lang='lat' dir='ltr'>tribuentur</span> <span class='ocrx_word' id='word_1_15' title='bbox 1162 273 1395 324; x_wconf 79' lang='lat' dir='ltr'>praestantiae</span> <span class='ocrx_word' id='word_1_16' title='bbox 1419 275 1562 328; x_wconf 85' lang='lat' dir='ltr'>gradus</span> <span class='ocrx_word' id='word_1_17' title='bbox 1583 287 1685 330; x_wconf 89' lang='lat' dir='ltr'>quot</span> <span class='ocrx_word' id='word_1_18' title='bbox 1711 276 1822 318; x_wconf 87' lang='lat' dir='ltr'>ordi·</span> 
     </span>
     <span class='ocr_line' id='line_1_4' title="bbox 372 337 1834 396; baseline 0.002 -15"><span class='ocrx_word' id='word_1_19' title='bbox 372 342 490 381; x_wconf 90' lang='lat' dir='ltr'>nibus</span> <span class='ocrx_word' id='word_1_20' title='bbox 515 340 680 381; x_wconf 86' lang='lat' dir='ltr'>adfuerit</span> <span class='ocrx_word' id='word_1_21' title='bbox 708 339 853 379; x_wconf 84' lang='lat' dir='ltr'>stabilis</span> <span class='ocrx_word' id='word_1_22' title='bbox 879 353 887 376; x_wconf 88' lang='lat'><strong>:</strong></span> <span class='ocrx_word' id='word_1_23' title='bbox 910 337 961 376; x_wconf 83' lang='lat' dir='ltr'>s1c</span> <span class='ocrx_word' id='word_1_24' title='bbox 979 337 1115 390; x_wconf 78' lang='lat' dir='ltr'>posuis</span> <span class='ocrx_word' id='word_1_25' title='bbox 1138 339 1342 381; x_wconf 80' lang='lat' dir='ltr'>ordinibus</span> <span class='ocrx_word' id='word_1_26' title='bbox 1368 342 1571 396; x_wconf 77' lang='lat' dir='ltr'>sexagenis</span> <span class='ocrx_word' id='word_1_27' title='bbox 1586 372 1601 392; x_wconf 92' lang='lat'>‚</span> <span class='ocrx_word' id='word_1_28' title='bbox 1624 342 1834 384; x_wconf 82' lang='lat' dir='ltr'>foliorum·</span> 
     </span>
     <span class='ocr_line' id='line_1_5' title="bbox 371 405 1821 463; baseline 0.001 -14"><span class='ocrx_word' id='word_1_29' title='bbox 371 409 517 449; x_wconf 86' lang='lat' dir='ltr'>limbus</span> <span class='ocrx_word' id='word_1_30' title='bbox 537 409 768 462; x_wconf 86' lang='lat' dir='ltr'>plerumque</span> <span class='ocrx_word' id='word_1_31' title='bbox 798 406 935 444; x_wconf 86' lang='lat' dir='ltr'>varius</span> <span class='ocrx_word' id='word_1_32' title='bbox 962 405 1004 445; x_wconf 90' lang='lat'>&amp;</span> <span class='ocrx_word' id='word_1_33' title='bbox 1028 405 1099 444; x_wconf 87' lang='lat' dir='ltr'>vix</span> <span class='ocrx_word' id='word_1_34' title='bbox 1121 405 1160 444; x_wconf 92' lang='lat' dir='ltr'>in</span> <span class='ocrx_word' id='word_1_35' title='bbox 1182 419 1262 446; x_wconf 90' lang='lat' dir='ltr'>uno</span> <span class='ocrx_word' id='word_1_36' title='bbox 1289 420 1356 449; x_wconf 88' lang='lat' dir='ltr'>aut</span> <span class='ocrx_word' id='word_1_37' title='bbox 1382 410 1510 452; x_wconf 87' lang='lat' dir='ltr'>altero</span> <span class='ocrx_word' id='word_1_38' title='bbox 1534 409 1746 452; x_wconf 86' lang='lat' dir='ltr'>uniformis</span> <span class='ocrx_word' id='word_1_39' title='bbox 1762 443 1776 463; x_wconf 87' lang='lat'><strong>,</strong></span> <span class='ocrx_word' id='word_1_40' title='bbox 1795 412 1821 451; x_wconf 71' lang='lat' dir='ltr'>a</span> 
     </span>
     <span class='ocr_line' id='line_1_6' title="bbox 369 472 1822 532; baseline 0.001 -14"><span class='ocrx_word' id='word_1_41' title='bbox 369 475 671 518; x_wconf 68' lang='lat' dir='ltr'>constantiffima</span> <span class='ocrx_word' id='word_1_42' title='bbox 691 473 845 513; x_wconf 86' lang='lat' dir='ltr'><strong>corculi</strong></span> <span class='ocrx_word' id='word_1_43' title='bbox 863 473 1052 513; x_wconf 61' lang='lat' dir='ltr'>strufimra</span> <span class='ocrx_word' id='word_1_44' title='bbox 1076 472 1159 513; x_wconf 79' lang='lat' dir='ltr'>fere</span> <span class='ocrx_word' id='word_1_45' title='bbox 1183 473 1357 528; x_wconf 81' lang='lat' dir='ltr'>sexagies</span> <span class='ocrx_word' id='word_1_46' title='bbox 1371 477 1586 532; x_wconf 89' lang='lat' dir='ltr'>superatur.</span> <span class='ocrx_word' id='word_1_47' title='bbox 1603 478 1822 520; x_wconf 86' lang='lat' dir='ltr'>Botanicos</span> 
     </span>
     <span class='ocr_line' id='line_1_7' title="bbox 371 542 1826 599; baseline 0.001 -14"><span class='ocrx_word' id='word_1_48' title='bbox 371 556 610 599; x_wconf 80' lang='lat' dir='ltr'>opportunae</span> <span class='ocrx_word' id='word_1_49' title='bbox 624 543 806 583; x_wconf 88' lang='lat' dir='ltr'>ordinum</span> <span class='ocrx_word' id='word_1_50' title='bbox 825 542 1169 595; x_wconf 78' lang='lat' dir='ltr'>multiplicationis</span> <span class='ocrx_word' id='word_1_51' title='bbox 1185 543 1225 583; x_wconf 86' lang='lat'>&amp;</span> <span class='ocrx_word' id='word_1_52' title='bbox 1245 544 1441 586; x_wconf 77' lang='lat' dir='ltr'>diuturnae</span> <span class='ocrx_word' id='word_1_53' title='bbox 1454 547 1694 588; x_wconf 70' lang='lat' dir='ltr'>carafterum</span> <span class='ocrx_word' id='word_1_54' title='bbox 1711 559 1826 587; x_wconf 85' lang='lat' dir='ltr'>com-</span> 
     </span>
     <span class='ocr_line' id='line_1_8' title="bbox 370 610 1824 668; baseline 0.002 -16"><span class='ocrx_word' id='word_1_55' title='bbox 370 613 589 668; x_wconf 89' lang='lat' dir='ltr'>putationis</span> <span class='ocrx_word' id='word_1_56' title='bbox 626 610 834 651; x_wconf 83' lang='lat' dir='ltr'>molitores</span> <span class='ocrx_word' id='word_1_57' title='bbox 865 611 1038 664; x_wconf 85' lang='lat' dir='ltr'>excipiet</span> <span class='ocrx_word' id='word_1_58' title='bbox 1071 612 1228 665; x_wconf 89' lang='lat' dir='ltr'>publica</span> <span class='ocrx_word' id='word_1_59' title='bbox 1259 613 1342 652; x_wconf 90' lang='lat' dir='ltr'>laus</span> <span class='ocrx_word' id='word_1_60' title='bbox 1373 614 1414 654; x_wconf 91' lang='lat'>&amp;</span> <span class='ocrx_word' id='word_1_61' title='bbox 1442 614 1536 655; x_wconf 84' lang='lat' dir='ltr'>felix</span> <span class='ocrx_word' id='word_1_62' title='bbox 1571 627 1653 656; x_wconf 91' lang='lat' dir='ltr'>non</span> <span class='ocrx_word' id='word_1_63' title='bbox 1690 625 1824 655; x_wconf 87' lang='lat' dir='ltr'>tamen</span> 
     </span>
     <span class='ocr_line' id='line_1_9' title="bbox 371 679 1825 735; baseline 0.001 -15"><span class='ocrx_word' id='word_1_64' title='bbox 371 693 466 720; x_wconf 85' lang='lat' dir='ltr'>mox</span> <span class='ocrx_word' id='word_1_65' title='bbox 490 679 645 732; x_wconf 83' lang='lat' dir='ltr'>plenior</span> <span class='ocrx_word' id='word_1_66' title='bbox 676 690 853 720; x_wconf 88' lang='lat' dir='ltr'>eventus.</span> <span class='ocrx_word' id='word_1_67' title='bbox 880 680 1053 720; x_wconf 89' lang='lat' dir='ltr'>Scientia</span> <span class='ocrx_word' id='word_1_68' title='bbox 1081 680 1309 721; x_wconf 86' lang='lat' dir='ltr'>arbitrarias</span> <span class='ocrx_word' id='word_1_69' title='bbox 1335 680 1492 732; x_wconf 89' lang='lat' dir='ltr'>ejurans</span> <span class='ocrx_word' id='word_1_70' title='bbox 1518 682 1624 735; x_wconf 85' lang='lat' dir='ltr'>leges</span> <span class='ocrx_word' id='word_1_71' title='bbox 1649 683 1692 722; x_wconf 80' lang='lat'>&amp;</span> <span class='ocrx_word' id='word_1_72' title='bbox 1712 693 1825 722; x_wconf 87' lang='lat' dir='ltr'>natu-</span> 
     </span>
     <span class='ocr_line' id='line_1_10' title="bbox 367 746 1824 801; baseline 0.003 -16"><span class='ocrx_word' id='word_1_73' title='bbox 367 748 514 786; x_wconf 87' lang='lat' dir='ltr'>ralibus</span> <span class='ocrx_word' id='word_1_74' title='bbox 546 746 770 800; x_wconf 88' lang='lat' dir='ltr'>obsequens</span> <span class='ocrx_word' id='word_1_75' title='bbox 788 778 800 796; x_wconf 90' lang='lat'><strong>,</strong></span> <span class='ocrx_word' id='word_1_76' title='bbox 846 747 885 786; x_wconf 90' lang='lat' dir='ltr'>in</span> <span class='ocrx_word' id='word_1_77' title='bbox 926 748 1068 801; x_wconf 86' lang='lat' dir='ltr'>primis</span> <span class='ocrx_word' id='word_1_78' title='bbox 1091 760 1194 788; x_wconf 92' lang='lat' dir='ltr'>nunc</span> <span class='ocrx_word' id='word_1_79' title='bbox 1220 748 1374 788; x_wconf 79' lang='lat' dir='ltr'>haerens</span> <span class='ocrx_word' id='word_1_80' title='bbox 1404 749 1484 788; x_wconf 83' lang='lat' dir='ltr'>viae</span> <span class='ocrx_word' id='word_1_81' title='bbox 1512 748 1689 789; x_wconf 79' lang='lat' dir='ltr'>nonditm</span> <span class='ocrx_word' id='word_1_82' title='bbox 1719 749 1824 789; x_wconf 81' lang='lat' dir='ltr'>tritae</span> 
     </span>
     <span class='ocr_line' id='line_1_11' title="bbox 365 813 1826 869; baseline 0.002 -17"><span class='ocrx_word' id='word_1_83' title='bbox 365 813 497 853; x_wconf 83' lang='lat' dir='ltr'>stadiis</span> <span class='ocrx_word' id='word_1_84' title='bbox 516 843 527 862; x_wconf 88' lang='lat'><strong>,</strong></span> <span class='ocrx_word' id='word_1_85' title='bbox 551 813 659 854; x_wconf 88' lang='lat' dir='ltr'>lento</span> <span class='ocrx_word' id='word_1_86' title='bbox 694 815 869 867; x_wconf 69' lang='lat' dir='ltr'>primum</span> <span class='ocrx_word' id='word_1_87' title='bbox 892 813 958 854; x_wconf 92' lang='lat' dir='ltr'>sed</span> <span class='ocrx_word' id='word_1_88' title='bbox 987 814 1107 855; x_wconf 88' lang='lat' dir='ltr'>firmo</span> <span class='ocrx_word' id='word_1_89' title='bbox 1125 828 1196 856; x_wconf 89' lang='lat' dir='ltr'>nec</span> <span class='ocrx_word' id='word_1_90' title='bbox 1218 815 1391 869; x_wconf 79' lang='lat' dir='ltr'>unquam</span> <span class='ocrx_word' id='word_1_91' title='bbox 1414 815 1649 868; x_wconf 86' lang='lat' dir='ltr'>retrogrado</span> <span class='ocrx_word' id='word_1_92' title='bbox 1668 815 1826 856; x_wconf 88' lang='lat' dir='ltr'>incedet</span> 
     </span>
     <span class='ocr_line' id='line_1_12' title="bbox 365 880 1827 935; baseline 0.002 -15"><span class='ocrx_word' id='word_1_93' title='bbox 365 880 518 933; x_wconf 80' lang='lat' dir='ltr'>gressu,</span> <span class='ocrx_word' id='word_1_94' title='bbox 551 881 767 935; x_wconf 68' lang='lat' dir='ltr'>junctisque</span> <span class='ocrx_word' id='word_1_95' title='bbox 798 882 887 922; x_wconf 89' lang='lat' dir='ltr'>dein</span> <span class='ocrx_word' id='word_1_96' title='bbox 918 882 1206 922; x_wconf 88' lang='lat' dir='ltr'>Botanicorum</span> <span class='ocrx_word' id='word_1_97' title='bbox 1244 884 1403 922; x_wconf 85' lang='lat' dir='ltr'>viribus</span> <span class='ocrx_word' id='word_1_98' title='bbox 1442 883 1561 922; x_wconf 77' lang='lat' dir='ltr'>citius</span> <span class='ocrx_word' id='word_1_99' title='bbox 1594 881 1827 923; x_wconf 84' lang='lat' dir='ltr'>invalescet.</span> 
     </span>
     <span class='ocr_line' id='line_1_13' title="bbox 364 948 1826 1006; baseline -0.001 -18"><span class='ocrx_word' id='word_1_100' title='bbox 364 948 581 989; x_wconf 84' lang='lat' dir='ltr'>Recenfitae</span> <span class='ocrx_word' id='word_1_101' title='bbox 614 949 888 990; x_wconf 83' lang='lat' dir='ltr'>ordinationes</span> <span class='ocrx_word' id='word_1_102' title='bbox 923 950 1100 990; x_wconf 77' lang='lat' dir='ltr'>nondum</span> <span class='ocrx_word' id='word_1_103' title='bbox 1129 951 1315 990; x_wconf 91' lang='lat' dir='ltr'>omnibus</span> <span class='ocrx_word' id='word_1_104' title='bbox 1348 950 1428 990; x_wconf 88' lang='lat' dir='ltr'>suis</span> <span class='ocrx_word' id='word_1_105' title='bbox 1456 950 1637 1002; x_wconf 90' lang='lat' dir='ltr'>partibus</span> <span class='ocrx_word' id='word_1_106' title='bbox 1666 959 1826 1006; x_wconf 76' lang='lat' dir='ltr'>manent</span> 
     </span>
     <span class='ocr_line' id='line_1_14' title="bbox 365 1016 1825 1071; baseline 0.001 -16"><span class='ocrx_word' id='word_1_107' title='bbox 365 1016 589 1066; x_wconf 72' lang='lat' dir='ltr'>absolutae,</span> <span class='ocrx_word' id='word_1_108' title='bbox 618 1031 689 1058; x_wconf 90' lang='lat' dir='ltr'>nec</span> <span class='ocrx_word' id='word_1_109' title='bbox 730 1018 831 1057; x_wconf 73' lang='lat' dir='ltr'>intra</span> <span class='ocrx_word' id='word_1_110' title='bbox 869 1019 994 1057; x_wconf 89' lang='lat' dir='ltr'>breve</span> <span class='ocrx_word' id='word_1_111' title='bbox 1035 1028 1191 1071; x_wconf 89' lang='lat' dir='ltr'>tempus</span> <span class='ocrx_word' id='word_1_112' title='bbox 1228 1018 1606 1059; x_wconf 86' lang='lat' dir='ltr'>consummabuntur</span> <span class='ocrx_word' id='word_1_113' title='bbox 1631 1046 1645 1066; x_wconf 96' lang='lat'>,</span> <span class='ocrx_word' id='word_1_114' title='bbox 1684 1028 1825 1057; x_wconf 72' lang='lat' dir='ltr'>omnes</span> 
     </span>
     <span class='ocr_line' id='line_1_15' title="bbox 364 1084 1826 1138; baseline 0.001 -15"><span class='ocrx_word' id='word_1_115' title='bbox 364 1084 525 1124; x_wconf 80' lang='lat' dir='ltr'>demum</span> <span class='ocrx_word' id='word_1_116' title='bbox 550 1085 589 1124; x_wconf 89' lang='lat' dir='ltr'>in</span> <span class='ocrx_word' id='word_1_117' title='bbox 616 1086 773 1125; x_wconf 89' lang='lat' dir='ltr'>unicam</span> <span class='ocrx_word' id='word_1_118' title='bbox 804 1085 1109 1138; x_wconf 83' lang='lat' dir='ltr'>componendae.</span> <span class='ocrx_word' id='word_1_119' title='bbox 1139 1086 1254 1125; x_wconf 89' lang='lat' dir='ltr'>Suam</span> <span class='ocrx_word' id='word_1_120' title='bbox 1285 1086 1366 1138; x_wconf 89' lang='lat' dir='ltr'>ipse</span> <span class='ocrx_word' id='word_1_121' title='bbox 1398 1084 1646 1137; x_wconf 84' lang='lat' dir='ltr'>judicaverat</span> <span class='ocrx_word' id='word_1_122' title='bbox 1680 1084 1826 1137; x_wconf 86' lang='lat' dir='ltr'>imper-</span> 
     </span>
     <span class='ocr_line' id='line_1_16' title="bbox 364 1151 1824 1206; baseline -0.001 -14"><span class='ocrx_word' id='word_1_123' title='bbox 364 1152 501 1192; x_wconf 58' lang='lat' dir='ltr'>festam</span> <span class='ocrx_word' id='word_1_124' title='bbox 528 1152 644 1192; x_wconf 90' lang='lat' dir='ltr'>Bern.</span> <span class='ocrx_word' id='word_1_125' title='bbox 671 1151 858 1200; x_wconf 83' lang='lat' dir='ltr'>Juffaeus,</span> <span class='ocrx_word' id='word_1_126' title='bbox 883 1153 1024 1205; x_wconf 78' lang='lat' dir='ltr'>utpote</span> <span class='ocrx_word' id='word_1_127' title='bbox 1054 1160 1143 1205; x_wconf 75' lang='lat' dir='ltr'>quae·</span> <span class='ocrx_word' id='word_1_128' title='bbox 1171 1153 1304 1206; x_wconf 87' lang='lat' dir='ltr'>spatiis</span> <span class='ocrx_word' id='word_1_129' title='bbox 1333 1153 1473 1192; x_wconf 88' lang='lat' dir='ltr'>vacuis</span> <span class='ocrx_word' id='word_1_130' title='bbox 1501 1151 1729 1204; x_wconf 84' lang='lat' dir='ltr'>frequenter</span> <span class='ocrx_word' id='word_1_131' title='bbox 1755 1151 1824 1190; x_wconf 89' lang='lat' dir='ltr'>ab·</span> 
     </span>
     <span class='ocr_line' id='line_1_17' title="bbox 364 1218 1822 1273; baseline -0.001 -13"><span class='ocrx_word' id='word_1_132' title='bbox 364 1231 616 1273; x_wconf 85' lang='lat' dir='ltr'>rumperetur</span> <span class='ocrx_word' id='word_1_133' title='bbox 642 1250 654 1269; x_wconf 91' lang='lat'>‚</span> <span class='ocrx_word' id='word_1_134' title='bbox 689 1220 963 1260; x_wconf 87' lang='lat' dir='ltr'>connexiones</span> <span class='ocrx_word' id='word_1_135' title='bbox 1004 1219 1186 1273; x_wconf 87' lang='lat' dir='ltr'>quasdam</span> <span class='ocrx_word' id='word_1_136' title='bbox 1216 1219 1448 1260; x_wconf 86' lang='lat' dir='ltr'>retexendas</span> <span class='ocrx_word' id='word_1_137' title='bbox 1474 1219 1701 1259; x_wconf 86' lang='lat' dir='ltr'>admitteret</span> <span class='ocrx_word' id='word_1_138' title='bbox 1729 1249 1742 1268; x_wconf 95' lang='lat'><strong>,</strong></span> <span class='ocrx_word' id='word_1_139' title='bbox 1777 1218 1822 1259; x_wconf 88' lang='lat'>&amp;</span> 
     </span>
     <span class='ocr_line' id='line_1_18' title="bbox 362 1276 1839 1341; baseline 0 -14"><span class='ocrx_word' id='word_1_140' title='bbox 362 1287 517 1328; x_wconf 88' lang='lat' dir='ltr'>iteratis</span> <span class='ocrx_word' id='word_1_141' title='bbox 539 1288 594 1328; x_wconf 94' lang='lat' dir='ltr'>ob</span> <span class='ocrx_word' id='word_1_142' title='bbox 617 1287 786 1328; x_wconf 91' lang='lat' dir='ltr'>incertas</span> <span class='ocrx_word' id='word_1_143' title='bbox 802 1299 932 1341; x_wconf 89' lang='lat' dir='ltr'>partes</span> <span class='ocrx_word' id='word_1_144' title='bbox 962 1287 1212 1327; x_wconf 89' lang='lat' dir='ltr'>elucidandas</span> <span class='ocrx_word' id='word_1_145' title='bbox 1238 1287 1430 1340; x_wconf 84' lang='lat' dir='ltr'>indigeret</span> <span class='ocrx_word' id='word_1_146' title='bbox 1451 1276 1839 1327; x_wconf 45' lang='lat' dir='ltr'>observationibus(</span> 
     </span>
     <span class='ocr_line' id='line_1_19' title="bbox 363 1353 1820 1409; baseline -0.001 -14"><span class='ocrx_word' id='word_1_147' title='bbox 363 1356 554 1409; x_wconf 89' lang='lat' dir='ltr'>Optimus</span> <span class='ocrx_word' id='word_1_148' title='bbox 571 1355 636 1395; x_wconf 92' lang='lat' dir='ltr'>ille</span> <span class='ocrx_word' id='word_1_149' title='bbox 649 1355 781 1395; x_wconf 86' lang='lat' dir='ltr'>noster</span> <span class='ocrx_word' id='word_1_150' title='bbox 798 1366 960 1408; x_wconf 87' lang='lat' dir='ltr'>patruus</span> <span class='ocrx_word' id='word_1_151' title='bbox 973 1355 1012 1394; x_wconf 91' lang='lat' dir='ltr'>in</span> <span class='ocrx_word' id='word_1_152' title='bbox 1029 1368 1146 1408; x_wconf 89' lang='lat' dir='ltr'>quem</span> <span class='ocrx_word' id='word_1_153' title='bbox 1159 1355 1397 1395; x_wconf 79' lang='lat' dir='ltr'>videbantur</span> <span class='ocrx_word' id='word_1_154' title='bbox 1413 1355 1502 1408; x_wconf 80' lang='lat' dir='ltr'>apte</span> <span class='ocrx_word' id='word_1_155' title='bbox 1517 1353 1740 1395; x_wconf 86' lang='lat' dir='ltr'>coalescere</span> <span class='ocrx_word' id='word_1_156' title='bbox 1752 1354 1820 1394; x_wconf 85' lang='lat' dir='ltr'>in-</span> 
     </span>
     <span class='ocr_line' id='line_1_20' title="bbox 362 1419 1822 1476; baseline 0.001 -15"><span class='ocrx_word' id='word_1_157' title='bbox 362 1423 478 1474; x_wconf 85' lang='lat' dir='ltr'>genui</span> <span class='ocrx_word' id='word_1_158' title='bbox 498 1423 712 1476; x_wconf 90' lang='lat' dir='ltr'>primarum</span> <span class='ocrx_word' id='word_1_159' title='bbox 731 1433 894 1462; x_wconf 66' lang='lat' dir='ltr'>aetatum</span> <span class='ocrx_word' id='word_1_160' title='bbox 912 1435 1045 1463; x_wconf 84' lang='lat' dir='ltr'>mores</span> <span class='ocrx_word' id='word_1_161' title='bbox 1058 1422 1100 1462; x_wconf 70' lang='grc' dir='ltr'>ὅ(</span> <span class='ocrx_word' id='word_1_162' title='bbox 1119 1422 1340 1462; x_wconf 89' lang='lat' dir='ltr'>futurarum</span> <span class='ocrx_word' id='word_1_163' title='bbox 1359 1421 1538 1462; x_wconf 66' lang='lat' dir='ltr'>doflrina</span> <span class='ocrx_word' id='word_1_164' title='bbox 1552 1419 1624 1472; x_wconf 80' lang='lat' dir='ltr'>,se</span> <span class='ocrx_word' id='word_1_165' title='bbox 1639 1434 1720 1462; x_wconf 92' lang='lat' dir='ltr'>non</span> <span class='ocrx_word' id='word_1_166' title='bbox 1738 1434 1822 1462; x_wconf 87' lang='lat' dir='ltr'>me-</span> 
     </span>
     <span class='ocr_line' id='line_1_21' title="bbox 362 1488 1822 1542; baseline 0.002 -16"><span class='ocrx_word' id='word_1_167' title='bbox 362 1488 529 1527; x_wconf 88' lang='lat' dir='ltr'>thodum</span> <span class='ocrx_word' id='word_1_168' title='bbox 557 1489 774 1528; x_wconf 84' lang='lat' dir='ltr'>naturalem</span> <span class='ocrx_word' id='word_1_169' title='bbox 793 1488 858 1528; x_wconf 89' lang='lat' dir='ltr'>sed</span> <span class='ocrx_word' id='word_1_170' title='bbox 892 1489 1045 1529; x_wconf 77' lang='lat' dir='ltr'>tantum</span> <span class='ocrx_word' id='word_1_171' title='bbox 1076 1490 1152 1530; x_wconf 84' lang='lat' dir='ltr'>iter</span> <span class='ocrx_word' id='word_1_172' title='bbox 1178 1490 1226 1529; x_wconf 90' lang='lat' dir='ltr'>ad</span> <span class='ocrx_word' id='word_1_173' title='bbox 1249 1489 1372 1542; x_wconf 79' lang='lat' dir='ltr'>ipsam</span> <span class='ocrx_word' id='word_1_174' title='bbox 1397 1488 1597 1529; x_wconf 85' lang='lat' dir='ltr'>instituiffe</span> <span class='ocrx_word' id='word_1_175' title='bbox 1623 1489 1822 1530; x_wconf 83' lang='lat' dir='ltr'>existima-</span> 
     </span>
     <span class='ocr_line' id='line_1_22' title="bbox 361 1555 1820 1610; baseline 0.002 -17"><span class='ocrx_word' id='word_1_176' title='bbox 361 1566 502 1604; x_wconf 79' lang='lat' dir='ltr'>verat,</span> <span class='ocrx_word' id='word_1_177' title='bbox 537 1556 686 1609; x_wconf 81' lang='lat' dir='ltr'>pluries</span> <span class='ocrx_word' id='word_1_178' title='bbox 716 1556 738 1595; x_wconf 75' lang='grc' dir='ltr'>ὲι</span> <span class='ocrx_word' id='word_1_179' title='bbox 768 1556 973 1596; x_wconf 86' lang='lat' dir='ltr'>Botanicis</span> <span class='ocrx_word' id='word_1_180' title='bbox 1011 1557 1322 1610; x_wconf 86' lang='lat' dir='ltr'>perlustrandum</span> <span class='ocrx_word' id='word_1_181' title='bbox 1352 1558 1561 1609; x_wconf 72' lang='lat' dir='ltr'>antequam</span> <span class='ocrx_word' id='word_1_182' title='bbox 1598 1555 1820 1609; x_wconf 80' lang='lat' dir='ltr'>tyronibus</span> 
     </span>
     <span class='ocr_line' id='line_1_23' title="bbox 343 1623 1817 1678; baseline 0.003 -19"><span class='ocrx_word' id='word_1_183' title='bbox 343 1623 640 1664; x_wconf 61' lang='lat' dir='ltr'>secluderetur.</span> <span class='ocrx_word' id='word_1_184' title='bbox 672 1624 851 1663; x_wconf 88' lang='lat' dir='ltr'>Alteram</span> <span class='ocrx_word' id='word_1_185' title='bbox 875 1624 1028 1663; x_wconf 78' lang='lat' dir='ltr'>interea</span> <span class='ocrx_word' id='word_1_186' title='bbox 1053 1636 1315 1677; x_wconf 86' lang='lat' dir='ltr'>exoptaverat</span> <span class='ocrx_word' id='word_1_187' title='bbox 1340 1625 1426 1663; x_wconf 84' lang='lat' dir='ltr'>dari</span> <span class='ocrx_word' id='word_1_188' title='bbox 1444 1624 1485 1664; x_wconf 91' lang='lat' dir='ltr'>in</span> <span class='ocrx_word' id='word_1_189' title='bbox 1505 1623 1628 1664; x_wconf 89' lang='lat' dir='ltr'>horto</span> <span class='ocrx_word' id='word_1_190' title='bbox 1652 1624 1817 1678; x_wconf 87' lang='lat' dir='ltr'>publico</span> 
     </span>
     <span class='ocr_line' id='line_1_24' title="bbox 359 1689 1817 1745; baseline 0.003 -17"><span class='ocrx_word' id='word_1_191' title='bbox 359 1689 675 1731; x_wconf 82' lang='lat' dir='ltr'>distributionem</span> <span class='ocrx_word' id='word_1_192' title='bbox 703 1723 715 1740; x_wconf 95' lang='lat'>,</span> <span class='ocrx_word' id='word_1_193' title='bbox 752 1692 1022 1744; x_wconf 78' lang='lat' dir='ltr'>quadantenus</span> <span class='ocrx_word' id='word_1_194' title='bbox 1061 1692 1352 1745; x_wconf 82' lang='lat' dir='ltr'>systematicam</span> <span class='ocrx_word' id='word_1_195' title='bbox 1387 1704 1459 1732; x_wconf 89' lang='lat' dir='ltr'>nec</span> <span class='ocrx_word' id='word_1_196' title='bbox 1494 1702 1624 1732; x_wconf 88' lang='lat' dir='ltr'>tamen</span> <span class='ocrx_word' id='word_1_197' title='bbox 1653 1690 1817 1732; x_wconf 85' lang='lat' dir='ltr'>ordines</span> 
     </span>
    </p>
   </div>
   <div class='ocr_carea' id='block_1_2' title="bbox 290 1756 1820 1812">
    <p class='ocr_par' dir='ltr' id='par_1_2' title="bbox 290 1756 1820 1812">
     <span class='ocr_line' id='line_1_25' title="bbox 290 1756 1820 1812; baseline 0.003 -17"><span class='ocrx_word' id='word_1_198' title='bbox 290 1786 293 1787; x_wconf 17' lang='grc' dir='ltr'><em>γ</em></span> <span class='ocrx_word' id='word_1_199' title='bbox 357 1756 555 1796; x_wconf 80' lang='lat' dir='ltr'>naturales</span> <span class='ocrx_word' id='word_1_200' title='bbox 585 1757 881 1798; x_wconf 79' lang='lat' dir='ltr'>subvertentem</span> <span class='ocrx_word' id='word_1_201' title='bbox 910 1790 920 1808; x_wconf 94' lang='lat'>,</span> <span class='ocrx_word' id='word_1_202' title='bbox 954 1772 1042 1812; x_wconf 86' lang='lat' dir='ltr'>quae</span> <span class='ocrx_word' id='word_1_203' title='bbox 1077 1759 1229 1799; x_wconf 83' lang='lat' dir='ltr'>statutis</span> <span class='ocrx_word' id='word_1_204' title='bbox 1260 1773 1303 1799; x_wconf 91' lang='lat' dir='ltr'>ac</span> <span class='ocrx_word' id='word_1_205' title='bbox 1338 1758 1610 1812; x_wconf 86' lang='lat' dir='ltr'>multiplicatis</span> <span class='ocrx_word' id='word_1_206' title='bbox 1639 1757 1820 1799; x_wconf 75' lang='lat' dir='ltr'>claffibus</span> 
     </span>
    </p>
   </div>
   <div class='ocr_carea' id='block_1_3' title="bbox 353 1823 1845 2540">
    <p class='ocr_par' dir='ltr' id='par_1_3' title="bbox 353 1823 1845 2540">
     <span class='ocr_line' id='line_1_26' title="bbox 356 1823 1835 1879; baseline 0.003 -17"><span class='ocrx_word' id='word_1_207' title='bbox 356 1823 526 1864; x_wconf 84' lang='lat' dir='ltr'>faciliori</span> <span class='ocrx_word' id='word_1_208' title='bbox 557 1827 885 1879; x_wconf 84' lang='lat' dir='ltr'>accomodaretur</span> <span class='ocrx_word' id='word_1_209' title='bbox 920 1826 1059 1866; x_wconf 87' lang='lat' dir='ltr'>studio.</span> <span class='ocrx_word' id='word_1_210' title='bbox 1090 1826 1135 1866; x_wconf 90' lang='lat' dir='ltr'>In</span> <span class='ocrx_word' id='word_1_211' title='bbox 1170 1826 1305 1866; x_wconf 71' lang='lat' dir='ltr'>schola</span> <span class='ocrx_word' id='word_1_212' title='bbox 1346 1827 1466 1879; x_wconf 88' lang='lat' dir='ltr'>igitur</span> <span class='ocrx_word' id='word_1_213' title='bbox 1503 1825 1702 1866; x_wconf 82' lang='lat' dir='ltr'>Parifienfi</span> <span class='ocrx_word' id='word_1_214' title='bbox 1738 1824 1835 1874; x_wconf 65' lang='lat' dir='ltr'>fuit&#39;</span> 
     </span>
     <span class='ocr_line' id='line_1_27' title="bbox 358 1881 1814 1948; baseline 0.002 -19"><span class='ocrx_word' id='word_1_215' title='bbox 358 1901 516 1931; x_wconf 86' lang='lat' dir='ltr'>exarata</span> <span class='ocrx_word' id='word_1_216' title='bbox 551 1892 762 1933; x_wconf 88' lang='lat' dir='ltr'>methodus</span> <span class='ocrx_word' id='word_1_217' title='bbox 788 1893 826 1931; x_wconf 90' lang='lat' dir='ltr'>in</span> <span class='ocrx_word' id='word_1_218' title='bbox 854 1893 931 1944; x_wconf 75' lang='lat' dir='ltr'>qua</span> <span class='ocrx_word' id='word_1_219' title='bbox 962 1892 1121 1932; x_wconf 90' lang='lat' dir='ltr'>ordines</span> <span class='ocrx_word' id='word_1_220' title='bbox 1147 1881 1198 1933; x_wconf 48' lang='lat'>⁴&amp;</span> <span class='ocrx_word' id='word_1_221' title='bbox 1236 1893 1413 1946; x_wconf 86' lang='lat' dir='ltr'>primarii</span> <span class='ocrx_word' id='word_1_222' title='bbox 1446 1891 1602 1932; x_wconf 89' lang='lat' dir='ltr'>seminis</span> <span class='ocrx_word' id='word_1_223' title='bbox 1632 1887 1814 1948; x_wconf 55' lang='lat' dir='ltr'>org&#39;anof-</span> 
     </span>
     <span class='ocr_line' id='line_1_28' title="bbox 358 1957 1817 2013; baseline 0.003 -16"><span class='ocrx_word' id='word_1_224' title='bbox 358 1971 525 2011; x_wconf 91' lang='lat' dir='ltr'>rumque</span> <span class='ocrx_word' id='word_1_225' title='bbox 543 1958 756 1999; x_wconf 84' lang='lat' dir='ltr'>sexualium</span> <span class='ocrx_word' id='word_1_226' title='bbox 775 1960 980 2001; x_wconf 79' lang='lat' dir='ltr'>servantur</span> <span class='ocrx_word' id='word_1_227' title='bbox 995 1962 1211 2001; x_wconf 66' lang='lat' dir='ltr'>caraReres</span> <span class='ocrx_word' id='word_1_228' title='bbox 1231 1991 1246 2008; x_wconf 91' lang='lat'>,</span> <span class='ocrx_word' id='word_1_229' title='bbox 1262 1961 1404 2001; x_wconf 88' lang='lat' dir='ltr'>additis</span> <span class='ocrx_word' id='word_1_230' title='bbox 1430 1959 1622 2013; x_wconf 75' lang='lat' dir='ltr'>praeterea</span> <span class='ocrx_word' id='word_1_231' title='bbox 1634 1957 1817 2001; x_wconf 74' lang='lat' dir='ltr'>facilibus</span> 
     </span>
     <span class='ocr_line' id='line_1_29' title="bbox 355 2025 1810 2080; baseline 0.001 -15"><span class='ocrx_word' id='word_1_232' title='bbox 355 2025 631 2067; x_wconf 83' lang='lat' dir='ltr'>Tournefortii</span> <span class='ocrx_word' id='word_1_233' title='bbox 663 2028 799 2080; x_wconf 85' lang='lat' dir='ltr'>primis</span> <span class='ocrx_word' id='word_1_234' title='bbox 825 2027 1098 2068; x_wconf 79' lang='lat' dir='ltr'>divisionibus.</span> <span class='ocrx_word' id='word_1_235' title='bbox 1131 2028 1241 2068; x_wconf 86' lang='lat' dir='ltr'>Felix</span> <span class='ocrx_word' id='word_1_236' title='bbox 1266 2037 1409 2075; x_wconf 88' lang='lat' dir='ltr'>autor,</span> <span class='ocrx_word' id='word_1_237' title='bbox 1437 2025 1465 2066; x_wconf 80' lang='lat' dir='ltr'>st</span> <span class='ocrx_word' id='word_1_238' title='bbox 1491 2026 1578 2066; x_wconf 83' lang='lat' dir='ltr'>hinc</span> <span class='ocrx_word' id='word_1_239' title='bbox 1600 2026 1810 2067; x_wconf 77' lang='lat' dir='ltr'>Botanicis‘</span> 
     </span>
     <span class='ocr_line' id='line_1_30' title="bbox 356 2093 1811 2147; baseline 0.002 -16"><span class='ocrx_word' id='word_1_240' title='bbox 356 2095 464 2133; x_wconf 86' lang='lat' dir='ltr'>veris</span> <span class='ocrx_word' id='word_1_241' title='bbox 488 2095 721 2143; x_wconf 85' lang='lat' dir='ltr'>consulens,</span> <span class='ocrx_word' id='word_1_242' title='bbox 749 2095 994 2136; x_wconf 88' lang='lat' dir='ltr'>naturalibus</span> <span class='ocrx_word' id='word_1_243' title='bbox 1025 2095 1258 2134; x_wconf 88' lang='lat' dir='ltr'>affinitatum</span> <span class='ocrx_word' id='word_1_244' title='bbox 1286 2093 1473 2147; x_wconf 78' lang='lat' dir='ltr'>expositis</span> <span class='ocrx_word' id='word_1_245' title='bbox 1499 2094 1651 2147; x_wconf 87' lang='lat' dir='ltr'>legibus</span> <span class='ocrx_word' id='word_1_246' title='bbox 1668 2093 1710 2133; x_wconf 78' lang='grc' dir='ltr'>δι</span> <span class='ocrx_word' id='word_1_247' title='bbox 1729 2104 1811 2138; x_wconf 68' lang='grc' dir='ltr'>παι·</span> 
     </span>
     <span class='ocr_line' id='line_1_31' title="bbox 354 2152 1812 2216; baseline 0.003 -18"><span class='ocrx_word' id='word_1_248' title='bbox 354 2160 435 2200; x_wconf 71' lang='lat' dir='ltr'>dita</span> <span class='ocrx_word' id='word_1_249' title='bbox 471 2163 655 2202; x_wconf 87' lang='lat' dir='ltr'>ordinum</span> <span class='ocrx_word' id='word_1_250' title='bbox 692 2173 809 2216; x_wconf 87' lang='lat' dir='ltr'>atque</span> <span class='ocrx_word' id='word_1_251' title='bbox 846 2173 1035 2214; x_wconf 85' lang='lat' dir='ltr'>generum</span> <span class='ocrx_word' id='word_1_252' title='bbox 1083 2161 1267 2201; x_wconf 76' lang='lat' dir='ltr'>accurata</span> <span class='ocrx_word' id='word_1_253' title='bbox 1314 2160 1552 2202; x_wconf 85' lang='lat' dir='ltr'>definitione</span> <span class='ocrx_word' id='word_1_254' title='bbox 1577 2191 1590 2211; x_wconf 92' lang='lat'><strong>‚</strong></span> <span class='ocrx_word' id='word_1_255' title='bbox 1626 2161 1734 2202; x_wconf 88' lang='lat' dir='ltr'>illinc</span> <span class='ocrx_word' id='word_1_256' title='bbox 1770 2152 1812 2204; x_wconf 77' lang='lat' dir='ltr'>in</span> 
     </span>
     <span class='ocr_line' id='line_1_32' title="bbox 353 2227 1845 2288; baseline 0.001 -22"><span class='ocrx_word' id='word_1_257' title='bbox 353 2229 517 2280; x_wconf 86' lang='lat' dir='ltr'>gratiam</span> <span class='ocrx_word' id='word_1_258' title='bbox 547 2241 742 2282; x_wconf 85' lang='lat' dir='ltr'>tyronum</span> <span class='ocrx_word' id='word_1_259' title='bbox 773 2228 937 2269; x_wconf 87' lang='lat' dir='ltr'>ordines</span> <span class='ocrx_word' id='word_1_260' title='bbox 957 2227 997 2267; x_wconf 87' lang='lat'>&amp;</span> <span class='ocrx_word' id='word_1_261' title='bbox 1021 2239 1163 2280; x_wconf 88' lang='lat' dir='ltr'>genera</span> <span class='ocrx_word' id='word_1_262' title='bbox 1185 2227 1395 2281; x_wconf 89' lang='lat' dir='ltr'>disponens</span> <span class='ocrx_word' id='word_1_263' title='bbox 1411 2228 1453 2267; x_wconf 89' lang='lat' dir='ltr'>in</span> <span class='ocrx_word' id='word_1_264' title='bbox 1481 2227 1673 2270; x_wconf 88' lang='lat' dir='ltr'>methodo</span> <span class='ocrx_word' id='word_1_265' title='bbox 1695 2227 1814 2282; x_wconf 83' lang='lat' dir='ltr'>signis</span> <span class='ocrx_word' id='word_1_266' title='bbox 1843 2251 1845 2288; x_wconf 64' lang='lat'>}</span> 
     </span>
     <span class='ocr_line' id='line_1_33' title="bbox 354 2294 1845 2349; baseline 0.004 -18"><span class='ocrx_word' id='word_1_267' title='bbox 354 2294 440 2334; x_wconf 87' lang='lat' dir='ltr'>aliis</span> <span class='ocrx_word' id='word_1_268' title='bbox 467 2297 686 2337; x_wconf 78' lang='lat' dir='ltr'>certissimis</span> <span class='ocrx_word' id='word_1_269' title='bbox 702 2326 712 2344; x_wconf 88' lang='lat'>‚</span> <span class='ocrx_word' id='word_1_270' title='bbox 742 2296 830 2335; x_wconf 91' lang='lat' dir='ltr'>aliis</span> <span class='ocrx_word' id='word_1_271' title='bbox 853 2294 1104 2349; x_wconf 82' lang='lat' dir='ltr'>generalibus</span> <span class='ocrx_word' id='word_1_272' title='bbox 1129 2295 1170 2334; x_wconf 71' lang='grc' dir='ltr'>δι</span> <span class='ocrx_word' id='word_1_273' title='bbox 1197 2295 1308 2335; x_wconf 71' lang='lat' dir='ltr'>simul</span> <span class='ocrx_word' id='word_1_274' title='bbox 1331 2294 1542 2336; x_wconf 88' lang='lat' dir='ltr'>manifestis</span> <span class='ocrx_word' id='word_1_275' title='bbox 1566 2296 1726 2345; x_wconf 69' lang='lat' dir='ltr'>innixa,</span> <span class='ocrx_word' id='word_1_276' title='bbox 1744 2308 1812 2337; x_wconf 86' lang='lat' dir='ltr'>ac·</span> <span class='ocrx_word' id='word_1_277' title='bbox 1842 2301 1845 2347; x_wconf 63' lang='lat' dir='ltr'>&lt;j</span> 
     </span>
     <span class='ocr_line' id='line_1_34' title="bbox 354 2349 1845 2417; baseline 0.001 -17"><span class='ocrx_word' id='word_1_278' title='bbox 354 2373 512 2414; x_wconf 89' lang='lat' dir='ltr'>ceptum</span> <span class='ocrx_word' id='word_1_279' title='bbox 537 2364 598 2404; x_wconf 87' lang='lat' dir='ltr'>his</span> <span class='ocrx_word' id='word_1_280' title='bbox 629 2365 670 2404; x_wconf 83' lang='lat'>&amp;</span> <span class='ocrx_word' id='word_1_281' title='bbox 698 2364 774 2404; x_wconf 91' lang='lat' dir='ltr'>illis</span> <span class='ocrx_word' id='word_1_282' title='bbox 800 2363 967 2404; x_wconf 85' lang='lat' dir='ltr'>ediderit</span> <span class='ocrx_word' id='word_1_283' title='bbox 1002 2376 1130 2416; x_wconf 86' lang='lat' dir='ltr'>opus,</span> <span class='ocrx_word' id='word_1_284' title='bbox 1163 2363 1205 2403; x_wconf 85' lang='lat'>&amp;</span> <span class='ocrx_word' id='word_1_285' title='bbox 1239 2376 1412 2417; x_wconf 85' lang='lat' dir='ltr'>perenne</span> <span class='ocrx_word' id='word_1_286' title='bbox 1450 2362 1507 2402; x_wconf 92' lang='lat' dir='ltr'>sui</span> <span class='ocrx_word' id='word_1_287' title='bbox 1543 2364 1636 2417; x_wconf 70' lang='lat' dir='ltr'>erga</span> <span class='ocrx_word' id='word_1_288' title='bbox 1670 2375 1811 2404; x_wconf 86' lang='lat' dir='ltr'>omnes</span> <span class='ocrx_word' id='word_1_289' title='bbox 1843 2349 1845 2417; x_wconf 66' lang='grc' dir='ltr'>Ι</span> 
     </span>
     <span class='ocr_line' id='line_1_35' title="bbox 353 2427 1808 2486; baseline 0.003 -19"><span class='ocrx_word' id='word_1_290' title='bbox 353 2427 496 2478; x_wconf 85' lang='lat' dir='ltr'>studii,</span> <span class='ocrx_word' id='word_1_291' title='bbox 531 2432 623 2484; x_wconf 76' lang='lat' dir='ltr'>erga</span> <span class='ocrx_word' id='word_1_292' title='bbox 657 2444 840 2486; x_wconf 86' lang='lat' dir='ltr'>patruum</span> <span class='ocrx_word' id='word_1_293' title='bbox 879 2430 980 2484; x_wconf 83' lang='lat' dir='ltr'>grati</span> <span class='ocrx_word' id='word_1_294' title='bbox 1018 2444 1064 2472; x_wconf 87' lang='lat' dir='ltr'>ac</span> <span class='ocrx_word' id='word_1_295' title='bbox 1096 2431 1325 2473; x_wconf 77' lang='lat' dir='ltr'>venerantis</span> <span class='ocrx_word' id='word_1_296' title='bbox 1357 2430 1480 2472; x_wconf 87' lang='lat' dir='ltr'>animi</span> <span class='ocrx_word' id='word_1_297' title='bbox 1513 2431 1808 2486; x_wconf 69' lang='lat' dir='ltr'>monimentum</span> 
     </span>
     <span class='ocr_line' id='line_1_36' title="bbox 353 2495 1739 2540; baseline 0.004 -4"><span class='ocrx_word' id='word_1_298' title='bbox 353 2495 591 2540; x_wconf 86' lang='lat' dir='ltr'>exhibuerit.</span> <span class='ocrx_word' id='word_1_299' title='bbox 1427 2510 1435 2517; x_wconf 94' lang='lat'>·</span> <span class='ocrx_word' id='word_1_300' title='bbox 1632 2501 1645 2512; x_wconf 64' lang='lat'>²</span> <span class='ocrx_word' id='word_1_301' title='bbox 1736 2516 1739 2519; x_wconf 96' lang='lat'>·</span> 
     </span>
    </p>
   </div>
  </div>
 </body>
</html>
