1845 2968
438 131 1123 180 LEGUMINOSAE.
1414 139 1506 197 367

111 225 210 278 folia
233 227 367 265 alterna
380 226 597 278 stipulacea,
614 225 746 264 alterne*
767 224 801 263 δ’
817 224 1112 277 impari-pinnata
1136 222 1274 272 foliolis
1299 223 1376 275 (an
1389 228 1509 275 potitis

111 280 211 333 fblia
225 278 404 331 simpli&
419 278 469 329 ?)
489 280 621 330 pariter
633 276 861 330 stip:zlaceis;
878 277 984 327 flores
1010 274 1138 315 altem&
1155 278 1316 326 racemofi
1337 278 1507 317 axillam

123 331 159 369 δ’
185 331 396 369 terminales.
425 331 583 368 Carabler
600 345 643 368 ex
666 329 778 368 Auhl.
811 330 956 380 Guycm.
980 339 1005 366 t.
1027 341 1060 381 5.

124 442 223 481 ons.
247 442 495 491 Leguminotae
514 455 620 480 unam
637 440 655 480 ἐ
672 443 854 488 praecipuis
876 442 912 479 in
939 440 1062 478 ordine
1087 442 1339 489 Vegctantium
1355 443 1507 478 naturali

73 491 293 531 constituunt
318 490 443 528 seriem
469 491 670 528 nullatenus
699 490 969 528 disturbandam
992 491 1027 527 in
1051 488 1183 527 sincera
1201 488 1398 535 methodo,
1426 491 1509 528 licet

73 538 354 580 Tournefortius
383 539 550 577 arboreas
576 539 621 576 ab
654 539 861 583 herbaceis,
890 540 1051 576 Linnaeus
1068 538 1259 576 decandras
1275 543 1309 576 &
1325 538 1472 576 diclines
1490 541 1509 578 a

72 588 272 635 diadelphis
295 585 502 634 seposuerit.
527 589 696 626 Caraffistr
724 589 832 635 igitur
858 600 981 625 earum
1005 588 1192 633 primarius
1220 601 1293 624 non
1318 588 1353 624 in
1381 589 1480 625 caule
1496 619 1508 634 ,

71 651 148 676 non
175 639 212 674 in
244 638 470 679 connexione
494 636 684 674 staminum
709 634 881 683 praecipue
907 634 1063 673 consistit
1078 658 1102 680 ,·
1118 649 1183 673 nec
1201 636 1236 672 in
1259 636 1392 673 corolla
1407 639 1510 683 papi-

65 684 238 725 Jionacea
256 686 313 723 cui
334 685 513 734 regulares
536 684 786 723 consociantur
809 684 953 722 corollae
967 715 976 729 ‚
1003 683 1062 721 sed
1091 684 1324 722 desumendus
1342 698 1384 722 ex
1399 686 1510 723 calice

72 733 316 781 monophyllo
341 762 353 778 ,
387 747 429 771 ex
455 734 598 771 corollae
629 733 842 780 polypetalae
868 731 1127 780 staminumque
1157 732 1388 771 definitorum
1415 736 1511 779 peri-

73 781 213 832 gynffi,
240 797 284 820 ex
309 783 470 827 germine
495 780 621 827 supero
651 787 685 819 δε
711 780 804 828 stylo
832 779 1000 828 fimplici,
1020 796 1061 818 ex
1089 780 1206 819 swein
1229 782 1455 829 leguminoso
1475 788 1511 820 δε

75 831 278 870 unilaterali
295 830 468 868 seminum
493 829 699 868 insertione.
718 830 860 876 Duplex
881 829 1017 867 ordinis
1032 828 1185 875 phalanx
1202 831 1375 876 praecipua
1393 862 1403 877 ‚
1425 845 1512 877 pro-

74 881 162 927 priis
197 892 343 926 utraque
388 878 555 925 prodiens
587 877 691 926 signis
723 884 758 917 &
788 879 906 925 plures
936 879 1120 925 complexa
1151 892 1323 926 generum
1361 891 1508 918 turmas.

74 929 226 968 Alterius
259 926 396 965 corolla
427 927 597 975 regularis
625 927 848 974 pentapetala
877 933 910 964 δε
942 926 1084 965 seminis
1116 928 1325 965 membrana
1363 929 1514 966 interior

75 975 297 1016 craffiuscula
332 974 539 1022 perispermi
572 977 699 1014 aernula
729 982 764 1014 δε
795 974 953 1024 ejusdem
980 975 1137 1013 radicula
1173 977 1266 1013 reeta
1295 981 1330 1014 &
1364 975 1513 1015 stamina

74 1027 286 1073 plerumque
302 1023 466 1062 distincta
481 1029 516 1062 &
531 1022 621 1062 folia
649 1023 796 1071 abrupte
819 1025 965 1070 pinnata
991 1030 1026 1062 &
1050 1024 1208 1071 quasdam
1233 1039 1312 1062 cum
1334 1027 1514 1071 praemiffis

76 1073 250 1114 Rosaceis
277 1074 498 1121 monogynis
525 1075 707 1122 cognatio.
738 1072 1002 1112 Numerofioris
1028 1074 1172 1111 alterius
1198 1074 1333 1111 corolla
1359 1076 1514 1120 papilio-

77 1135 192 1161 nacea
211 1121 302 1168 saepe
335 1121 544 1169 tetrapetala
562 1128 596 1160 ὃς
615 1122 798 1160 corculum
820 1119 954 1168 absque
975 1121 1192 1169 perisperrno
1210 1128 1244 1160 &
1270 1120 1427 1168 ejusdem
1453 1138 1514 1161 ra-

77 1171 198 1210 dicula
217 1171 255 1208 in
276 1169 381 1208 lobos
398 1171 544 1208 incurva
568 1176 602 1208 &
631 1170 784 1208 stamina
809 1169 930 1217 saepitis
959 1172 1089 1209 coalita
1117 1176 1152 1210 &
1177 1171 1313 1209 diversa
1338 1169 1513 1210 foliorum

77 1218 298 1258 construC‘tio
312 1224 348 1256 &
364 1218 553 1257 manifesta
569 1233 649 1257 cun
662 1218 959 1267 subsequentibus
971 1219 1236 1257 Terebintaceis
1253 1218 1514 1266 monospermis

78 1267 244 1307 affinitas.
261 1267 452 1315 Utriusque
470 1265 647 1306 sectiones
674 1281 734 1306 aut
754 1281 879 1306 turmae
903 1267 1077 1314 primario
1103 1268 1328 1316 defignantur
1347 1268 1515 1307 stamini-

78 1317 146 1356 bus
179 1316 352 1356 distinctis
380 1329 440 1354 aut
463 1318 628 1362 coalitis,
668 1317 849 1366 legumine
877 1319 936 1354 uni
970 1329 1030 1355 aut
1061 1318 1314 1355 multiloculari
1337 1347 1348 1363 ‚
1383 1317 1516 1356 bivalvi

79 1378 142 1404 aut
164 1365 350 1402 articulato
371 1376 431 1401 aut
457 1380 530 1403 non
559 1364 764 1404 dehiscente
781 1396 793 1411 ‚
809 1363 1020 1404 secundario
1044 1363 1217 1403 foliorum
1235 1366 1432 1411 structura,
1457 1368 1516 1405 ul-

79 1414 269 1452 terioribus
294 1414 330 1450 iri
356 1412 634 1451 fructificatione
661 1413 907 1452 deficientibus
928 1413 1032 1462 fignis
1053 1414 1184 1453 solidis.
1211 1417 1265 1451 An
1286 1427 1407 1453 tamen
1425 1414 1516 1454 folia

78 1464 226 1510 pinnata
246 1462 264 1499 ὲ
286 1464 429 1500 ternatis
446 1468 481 1501 &
501 1462 714 1509 fimplicibus
738 1463 817 1500 vere
839 1460 1096 1510 discernenda5
1124 1477 1168 1500 an
1189 1459 1353 1500 habenda
1374 1463 1516 1511 insuper

79 1513 173 1548 ratio
201 1509 406 1556 stipulatum
432 1524 508 1557 quae
525 1510 545 1548 ὲ
562 1512 698 1557 petiolo
724 1511 985 1558 distinguuntur
1005 1513 1146 1550 caducae
1170 1510 1436 1560 superstit-esve,
1454 1526 1517 1551 aut

79 1559 198 1598 eidem
223 1559 359 1597 alarum
385 1558 491 1596 instar
515 1557 757 1597 adnascuntur
775 1564 788 1596 ἲ
813 1560 882 1596 His
898 1571 1018 1598 tamen
1033 1559 1187 1599 adrniffis
1203 1590 1214 1606 ‚
1237 1560 1398 1607 quandam
1420 1562 1520 1607 priris

80 1606 310 1654 discerpenda
341 1607 471 1645 Linnaei
509 1621 641 1656 genera
672 1608 766 1655 varie
800 1607 989 1655 stipulata,
1027 1614 1062 1646 δε
1097 1609 1227 1646 iterum
1263 1609 1520 1648 confirmandae.

79 1656 216 1704 species
250 1655 401 1694 omnino
431 1669 650 1705 congeneres
684 1668 723 1695 ut
759 1669 894 1694 certum
929 1656 1081 1705 denique
1112 1658 1150 1694 in
1184 1655 1272 1695 serie
1301 1658 1521 1697 immutabili

81 1707 204 1744 locum
229 1704 430 1742 obtineant.

131 1752 328 1793 Nonnulla:
352 1753 502 1838 infifnes
525 1754 562 1791 in
587 1752 832 1803 Leguminofis
857 1754 1101 1792 memorandae
1122 1755 1371 1803 exceptiones,
1391 1755 1521 1802 nempe}

86 1818 142 1842 10.
175 1802 296 1841 Petala
328 1815 405 1848 qua:
430 1815 489 1839 arn
519 1803 668 1840 evanida
700 1805 736 1839 in
767 1801 958 1848 Gleditfia‚
983 1803 1205 1840 Tamarindo
1241 1809 1310 1841 δίς.
1330 1831 1343 1846 ,
1373 1805 1523 1842 unicum

85 1849 261 1899 superstes
277 1851 312 1887 in
331 1849 518 1896 Amorphii
537 1855 629 1893 &c.,
645 1850 743 1887 nulla
766 1850 803 1886 in
827 1849 1041 1897 Ceramia,
1060 1852 1209 1888 Detario
1225 1855 1295 1888 δίε.
1314 1880 1323 1895 ,
1343 1854 1466 1890 omnia
1483 1853 1525 1890 in

81 1899 262 1938 corollam
282 1899 551 1945 monopetalam
571 1904 604 1936 &
625 1897 882 1937 staminiferam
903 1898 1118 1946 quandoque
1144 1899 1272 1937 coalita
1298 1900 1334 1936 in
1362 1900 1523 1939 Mimos&

84 1955 120 1988 &
145 1945 317 1987 Trifolio.
353 1951 411 1984 2⁰.
443 1948 599 1984 Stamina
624 1945 803 1984 interdum
837 1949 1007 1994 pauciora
1036 1947 1144 1994 quam
1175 1948 1327 1990 decem,
1355 1949 1525 1987 rariffime

83 1995 272 2037 indefinita
290 2025 304 2040 ,
330 1995 593 2043 nonnunquam
616 1993 860 2041 monadelpha
887 1994 1072 2033 filamento
1099 1996 1244 2033 decimo
1271 1995 1424 2034 fissuram
1451 1998 1525 2035 ob-

84 2057 237 2085 tutante.
255 2051 307 2093 30.
327 2047 511 2094 Legumen
533 2046 640 2082 unico
655 2044 821 2089 exemplo
842 2045 985 2081 bivalve
1008 2045 1118 2082 valvis
1143 2047 1307 2083 carinatis
1320 2047 1355 2082 in
1374 2048 1525 2084 Haema-

85 2094 235 2142 toxylo.
247 2093 397 2132 trivalve
423 2095 459 2130 in
471 2092 663 2141 Moringa,
676 2092 907 2141 quadrivalve
919 2093 956 2130 in
968 2092 1121 2140 quadam
1138 2093 1305 2131 Mimosfi.
1319 2099 1377 2140 40.
1396 2098 1526 2133 Scmen

84 2146 124 2184 in
133 2141 263 2182 Arachi
275 2147 310 2181 &
322 2141 493 2190 Moringa
504 2140 715 2186 oleiferum,
731 2155 803 2180 non
815 2141 1033 2180 farinaceum
1047 2155 1084 2179 ut
1099 2143 1133 2185 in
1147 2143 1291 2179 caetcris.
1311 2150 1366 2190 5⁰.
1381 2144 1524 2182 Frustus

81 2190 323 2240 quarumdam
352 2189 551 2236 specierum
585 2189 834 2229 subterraneus
855 2193 891 2228 in
920 2188 1048 2228 Arachi
1066 2220 1077 2235 ,
1114 2192 1264 2238 Glycine
1289 2220 1300 2236 ,
1338 2190 1523 2240 Lathyro‚

82 2240 188 2279 Vicia
208 2271 220 2287 ‚
247 2236 420 2278 Trifolio.
445 2246 501 2277 60.
532 2243 640 2277 Sexus
663 2240 843 2278 interdum
869 2238 1021 2277 distineri
1047 2241 1083 2276 in
1112 2239 1270 2277 Mimos&
1286 2271 1297 2286 ,
1323 2241 1491 2279 Glcditsia
1510 2271 1523 2285 ,

81 2287 339 2336 Gymnoclado
350 2319 360 2334 ,
380 2287 532 2336 Glycine
546 2293 613 2324 ἃς.
629 2318 639 2334 ,
654 2295 709 2335 7⁰.
726 2290 822 2326 Folia
836 2289 1015 2336 Moringae
1029 2289 1385 2337 impari—tripinnata,
1402 2291 1530 2336 Spartii

85 2343 125 2376 &
142 2338 303 2375 Etinacei
323 2336 557 2382 suboppofica.
584 2338 819 2383 80.Glycines
843 2338 946 2375 unius
974 2335 1095 2374 succus
1121 2336 1325 2375 laetesccns.

136 2387 226 2423 Non
244 2385 444 2423 omittenda
462 2383 636 2423 soliorum
659 2385 883 2423 seminalium
907 2385 928 2422 a
946 2385 1077 2422 corculi
1096 2384 1190 2423 lobis
1206 2384 1325 2423 subtus
1346 2387 1529 2435 perfisten-

87 2435 183 2473 tibus
207 2447 284 2471 rara
302 2432 479 2470 distinctio
495 2462 504 2476 ,
523 2432 669 2481 insignis
688 2436 724 2471 in
742 2433 920 2473 Phaseolo
944 2439 978 2471 &
1001 2433 1161 2472 Dolicho
1181 2439 1214 2471 &
1231 2437 1431 2483 generibus,
1443 2450 1529 2478 con-

89 2483 272 2524 terminis,
293 2480 451 2520 futurum
469 2476 623 2520 definflae
644 2481 812 2521 sestionis
837 2482 987 2532 fignum.
1005 2482 1213 2530 spectabilis
1231 2485 1339 2521 etiam
1355 2485 1528 2524 foliorum

87 2531 290 2570 contractio
317 2529 513 2577 vespertina
549 2537 584 2568 &
617 2533 791 2570 matutina
809 2531 977 2579 expansio
994 2563 1004 2578 ‚
1034 2533 1157 2570 Somni
1187 2534 1332 2570 nornine
1355 2535 1531 2572 celebrata

90 2582 224 2626 (Linn.
251 2593 375 2617 amam.
402 2596 434 2626 4.
468 2592 492 2616 t.
523 2595 559 2628 33
577 2583 617 2625 ζ)
636 2611 646 2626 ,
681 2595 754 2619 non
787 2582 823 2618 in
854 2579 1013 2618 Mimos&
1043 2580 1182 2618 tantum
1209 2579 1271 2618 sed
1301 2583 1336 2619 in
1363 2583 1532 2622 omnibus

91 2627 242 2674 abrupte
282 2631 434 2674 pinnatis
468 2629 686 2666 coordinatis
706 2658 718 2672 ,
759 2631 795 2666 in
837 2630 913 2667 aliis
948 2629 1107 2675 pluribus
1141 2631 1397 2678 Leguminofis,
1430 2638 1466 2673 &
1494 2636 1532 2671 in

93 2676 310 2727 quibusdam
333 2678 464 2716 caeueris
485 2677 742 2727 Vegetantibus
763 2678 984 2727 quotidiana.
1006 2728 1008 2730 Ι
