1845 2968
322 143 403 204 xlij

323 237 366 275 &
386 234 504 276 flores
518 235 726 284 axillares3
746 237 851 277 unde
870 234 1030 288 quidam
1057 235 1223 276 tertiarii
1242 237 1282 277 in
1302 237 1442 279 ordine
1466 238 1622 279 caeteris
1644 235 1777 278 minus

323 300 409 343 sunt
435 302 658 344 constantes
676 334 688 352 ‚
722 304 788 356 qui
819 314 948 342 tamen
979 301 1157 342 seorsum
1179 315 1261 344 non
1285 304 1395 345 simul
1426 306 1529 345 varii
1552 305 1777 358 generalem

323 368 476 409 ordinis
498 371 736 412 caraaerem
763 382 844 408 non
870 379 1114 422 pervertunt.
1139 369 1213 409 His
1235 372 1426 423 praeterea
1444 371 1641 413 adduntur
1658 371 1777 425 pauci

322 433 532 476 inferiores
573 436 674 488 quafi
705 434 895 488 quartarii
924 466 936 485 ,
975 433 1204 488 quibusdam
1236 437 1387 478 ordinis
1418 440 1630 492 generibus
1667 449 1779 478 com·

323 515 462 543 munes
490 503 532 543 &
561 503 797 544 seditionibus
831 502 1105 543 tantummodo
1133 502 1414 546 constituendis
1440 505 1602 555 idonei,
1631 502 1780 558 nempe

323 570 472 612 fruetus
498 571 537 610 in
565 571 652 609 aliis
670 570 810 623 longus
834 570 1045 624 filiquosus
1070 570 1179 622 stylo
1205 570 1434 618 destitutus,
1462 573 1502 613 in
1527 573 1615 613 aliis
1640 571 1780 612 brevis
1836 562 1838 565 ’

322 637 538 678 filiculosus
555 636 812 690 monostylnS.
827 637 917 677 Tali
934 637 1174 678 caraQerum
1190 634 1465 680 distributione
1482 639 1608 680 facilis
1623 639 1781 681 eruitur

323 704 618 745 Cruciferarum
649 705 876 758 designatio.
904 705 991 759 Qui
1026 717 1196 747 caeteros
1222 707 1345 747 modo
1373 705 1567 747 consimili
1591 706 1779 759 cognitos

322 772 601 825 pervestigabit
627 773 814 824 ordines,
851 774 1028 815 eamdem
1055 775 1265 828 perspiciet
1299 776 1401 816 inter
1431 773 1647 816 caraeteres
1680 785 1779 827 pro-

323 839 583 892 greffionem,
618 840 659 880 δι
692 852 785 881 tunc
819 842 1053 882 confirmata
1083 843 1167 894 lege
1202 855 1342 883 eorum
1376 841 1674 895 disparilitatem
1704 840 1781 880 stai

325 916 484 956 tuente,
511 907 604 948 dum
632 909 752 950 novis
768 909 970 950 incumbet
996 909 1202 950 ordinibus
1231 909 1500 954 delineandis,
1530 906 1780 961 generaliora

324 972 476 1027 semper
516 976 706 1026 praeficiet
739 976 844 1030 signa
872 1009 884 1026 ,
924 977 1228 1030 uniuscujusque
1266 978 1352 1016 vim
1392 986 1639 1030 computans.
1678 974 1780 1014 Haec

322 1041 436 1080 unica
463 1041 516 1081 est
540 1043 725 1083 ordinum
752 1044 1023 1084 fabricationis
1047 1057 1215 1094 norma,
1246 1044 1328 1084 haec
1352 1044 1434 1084 sola
1463 1043 1568 1084 ratio
1594 1042 1779 1094 detegen-
1820 1072 1826 1086 t

299 1109 460 1149 darum
502 1110 737 1152 affinitatum
766 1113 807 1151 in
842 1125 1006 1166 quarum
1044 1111 1315 1165 disquisitione
1354 1111 1524 1153 fincerus
1561 1110 1781 1152 Botanicus

322 1190 456 1217 curam
487 1191 648 1218 omnem
678 1180 828 1231 defigit.

106 1239 220 1274 ⁶¹²³*ss
240 1253 295 1276 ¹¹2-
373 1245 430 1285 Ut
461 1247 628 1286 naturali
662 1260 767 1286 nexu
802 1247 951 1300 species
981 1247 1021 1286 in
1051 1259 1194 1299 genera
1227 1247 1373 1287 coe'unt
1399 1246 1442 1285 δι
1471 1258 1615 1299 genera
1643 1243 1684 1283 in
1711 1250 1779 1283 οι·-ι

91 1289 213 1321 'mm'
321 1312 434 1353 dines
466 1314 755 1368 compelluntur
780 1345 792 1364 ,
831 1315 884 1355 fic
925 1315 1158 1355 continuata
1201 1313 1300 1355 serie
1342 1310 1499 1366 cognati
1540 1311 1700 1353 ordines
1731 1311 1777 1350 in

321 1382 498 1421 eamdem
537 1395 782 1422 concurrunt
815 1382 981 1423 classem.
1027 1383 1179 1422 Natura
1213 1383 1318 1422 enim
1353 1383 1403 1421 ab
1439 1380 1561 1422 edieta
1595 1379 1778 1422 suamet}

321 1447 528 1488 defletlens
550 1448 634 1500 lege
648 1480 660 1497 ‚
683 1449 866 1491 diversos
893 1449 1113 1502 plantarum
1136 1448 1345 1489 fasciculos
1364 1449 1406 1487 in
1424 1447 1597 1498 majores
1622 1446 1776 1500 semper

320 1515 473 1568 colligit
494 1514 611 1555 fasces
637 1529 734 1569 quas
762 1517 850 1557 dein
875 1518 1015 1558 iterata
1044 1516 1188 1558 sensim
1213 1516 1470 1569 amplificatas
1495 1514 1748 1555 connexione
1758 1543 1774 1563 ,

322 1594 463 1623 omnes
493 1596 571 1622 uno
607 1584 766 1624 demum
794 1584 1011 1638 complexu
1042 1586 1212 1626 coercet.
1242 1584 1345 1624 Cum
1377 1593 1510 1624 aurem
1528 1583 1568 1621 in
1590 1581 1777 1622 distribu-

322 1651 432 1691 tione
456 1653 627 1704 generali
654 1654 899 1694 valentiores
919 1655 1087 1694 debeant
1103 1654 1278 1706 praeponi
1293 1652 1530 1699 caraeieres‚
1545 1649 1778 1690 definiendis

320 1718 498 1760 clastibus
528 1720 616 1760 ideo
643 1721 773 1761 minus
799 1720 1010 1762 conferunt
1037 1722 1202 1761 tertiarii
1226 1721 1361 1761 solidae
1382 1718 1640 1772 designationi
1664 1716 1779 1757 suffi-

319 1785 468 1827 ciendae
496 1788 667 1840 impares
682 1818 694 1834 ,
719 1790 760 1828 ἃ
785 1789 889 1829 reete
912 1790 1146 1829 antecedunt
1169 1800 1252 1828 tum
1278 1787 1496 1828 secundarii
1521 1797 1606 1825 tum
1627 1784 1778 1826 certius

318 1853 527 1906 primarii,
557 1856 596 1894 in
627 1856 766 1909 plantis
793 1856 1038 1897 universales
1069 1866 1137 1895 aut
1161 1855 1393 1895 uniformes.
1421 1853 1496 1893 Sed
1521 1852 1681 1892 variant
1704 1851 1769 1891 in-

317 1920 472 1961 terdum
498 1921 737 1971 secundarii,
758 1924 936 1975 primarii
961 1923 1183 1963 constantes
1200 1922 1392 1962 habentur
1407 1935 1416 1960 :
1433 1918 1635 1972 inaequalis
1651 1918 1773 1970 igitur

316 1999 424 2028 extat
453 1990 596 2028 horum
627 1990 667 2028 δι
700 1990 860 2031 illorum
891 1991 1137 2043 praestantia,
1162 1990 1202 2030 &
1231 1988 1429 2043 primariis
1454 1986 1594 2026 merito
1618 1985 1679 2035 jus
1702 1983 1775 2024 tri·

315 2055 450 2095 buitur
473 2055 682 2097 definiendi
709 2057 915 2109 primarias
947 2058 1234 2098 ordinationes.
1258 2057 1311 2096 Hi
1340 2054 1587 2094 deducuntur
1605 2064 1652 2093 ex
1672 2063 1772 2091 cor-

315 2122 410 2162 culo
439 2123 618 2173 seminis,
651 2139 698 2165 ex
730 2126 957 2166 staminibus
985 2127 1027 2165 &
1051 2126 1197 2178 pistillo
1217 2155 1230 2173 ,
1259 2137 1308 2164 ex
1332 2121 1486 2162 corolla
1517 2118 1771 2161 staminifera.

313 2188 379 2229 An
413 2190 557 2231 horum
582 2192 646 2231 vis
673 2193 809 2231 eadem
838 2193 875 2232 &
900 2192 1077 2232 absoluta
1099 2202 1268 2243 quatuor
1294 2201 1536 2241 organorum
1559 2187 1736 2240 aequatio
1751 2196 1772 2234 3

313 2269 362 2297 an
399 2260 532 2310 potius
572 2258 726 2300 diversa
760 2260 803 2300 &
839 2272 1081 2312 organorum
1119 2261 1161 2299 δε
1203 2257 1446 2298 caraCterum
1484 2255 1770 2309 primariorum

313 2323 481 2375 dignitas
502 2328 516 2366 ?

142 2392 289 2447 Met-hodi
364 2393 407 2433 ln
435 2391 651 2436 faciliorem
679 2395 908 2449 quaestionis
932 2394 1172 2436 solutionem
1199 2393 1459 2447 praecedentia
1481 2391 1618 2445 paucis
1638 2389 1772 2432 revol-

80 2440 288 2526 ῗεᾞιζξὲζζῗ
314 2469 409 2497 vere
440 2460 599 2512 expedit
623 2461 785 2502 inverso
812 2461 981 2509 ordine,
1010 2472 1090 2500 non
1119 2460 1374 2512 procedendo
1403 2461 1426 2498 a
1450 2457 1692 2511 simplicibus
1717 2453 1769 2497 ad

81 2539 145 2561 zera
160 2532 252 2564 mio.
312 2526 532 2578 composita
548 2558 560 2576 ‚
590 2527 653 2568 sed
671 2530 694 2568 a
711 2529 941 2582 compositis
954 2528 1003 2568 ad
1021 2528 1260 2580 simpliciora
1279 2559 1290 2576 ‚
1317 2529 1373 2568 ita
1396 2537 1441 2566 ut
1467 2524 1674 2567 contrasto
1698 2537 1762 2566 ra·

311 2594 481 2634 tiocinio
498 2595 538 2634 &
554 2597 747 2648 congestis
773 2597 1125 2638 observationibus
1149 2596 1340 2650 praemiffa
1363 2594 1676 2642 confirmentur,
1697 2604 1767 2632 ca-

313 2661 508 2704 raEterum
535 2663 657 2717 magis
687 2677 733 2709 ac
760 2666 885 2720 magis
910 2675 1040 2719 pateat
1070 2664 1307 2718 disparilitas
1327 2665 1370 2706 δι
1387 2662 1675 2718 praestamiores
1701 2658 1770 2703 su—
