1845 2968
1422 125 1501 173 xlv

57 209 336 253 Animantibus
363 225 536 266 quorum
560 212 764 253 incubatio
787 212 923 253 similis
939 212 993 253 est
1010 212 1290 265 Vegetantium
1312 217 1504 267 germina-

65 278 183 320 tioni.
210 278 295 319 Cor
312 309 324 328 ,
339 280 377 319 in
403 279 557 318 animali
582 278 677 318 foetu
695 280 861 332 primum
879 292 1048 319 movens
1070 280 1111 318 &
1131 281 1299 326 vivens,
1315 281 1504 322 struGtura

57 344 128 385 sua
152 345 328 386 diversas
350 346 487 387 definit
510 346 784 386 Animantium
805 346 938 386 classes
963 360 1127 400 quarum
1152 360 1397 401 unaquaeque
1419 350 1506 402 plu-

42 412 186 453 -rimos
224 414 383 454 ordines
417 414 704 466 complebtitur.
730 414 776 452 In
804 413 1142 467 Quadrupedibus
1173 415 1214 453 &
1250 415 1431 455 Cetaceis
1460 418 1503 457 &

57 478 218 520 Avibus
252 479 471 520 biloculare
496 480 537 519 ἃ
564 479 867 520 biauriculatum
888 509 900 527 ‚
934 481 972 518 in
1004 479 1175 520 Piscibus
1207 480 1246 519 δι
1281 481 1506 533 Reptilibus

57 545 304 586 uniloculare
326 547 684 596 uniauriculatum‚
702 548 740 585 in
765 546 979 586 Vermibus
1007 547 1048 586 δι
1073 547 1230 588 Ιῃῖεᾶἱε
1257 547 1505 588 uniloculare

57 625 141 653 non
168 615 428 654 auricularum
444 646 454 663 ‚
483 616 523 654 in
547 614 705 666 singulis
735 613 936 665 nunquam
962 608 1148 663 varium,
1180 615 1416 656 evolutione
1437 616 1503 655 sua

57 692 104 720 ac
131 682 295 734 perenni
321 693 434 722 motu
457 680 698 721 differentias
719 679 802 718 illas
821 680 1060 733 amplificat,
1078 682 1269 732 adjunffis
1298 683 1414 734 signis
1433 696 1506 723 ex-

57 748 278 788 terioribus
304 748 541 789 secundariis
563 747 872 800 praenuntiatas,
900 747 954 790 isa
971 759 1015 788 ut
1038 762 1283 803 unaquaeque
1300 751 1420 791 claffis
1440 752 1507 791 ha-

57 815 144 855 bitu
191 817 356 869 proprio
385 814 499 854 facile
529 813 795 866 dignoscatur.
830 814 894 853 Sic
929 816 1047 855 etiam
1069 817 1274 856 corculum
1299 818 1337 857 in
1363 818 1506 871 plantis

57 882 230 935 primum
258 883 402 920 vivens
437 881 657 933 praecipuas
686 893 820 920 earum
850 881 1122 922 ordinationes
1150 882 1346 935 designat,
1376 885 1507 924 cordis

58 947 255 988 auriculas
282 947 388 999 quasi
420 948 607 987 aemulans
639 948 743 987 lobis
769 948 925 987 duobus
957 959 1024 988 aut
1049 950 1170 988 unico
1199 961 1267 989 aut
1301 951 1432 999 nullo,
1464 953 1505 992 ὃ(

57 1013 216 1054 aliunde
243 1013 358 1063 hujus
381 1014 618 1054 carafilerem
644 1013 799 1066 perafiffi
816 1015 1107 1066 germinatione
1128 1014 1304 1067 fugacem
1328 1018 1507 1070 supplent

55 1080 215 1122 extimae
250 1091 355 1120 notae
385 1082 529 1134 quibus
557 1080 808 1121 constituitur
846 1082 1031 1134 proprius
1066 1082 1301 1134 singularum
1336 1084 1507 1125 claffium

57 1147 225 1187 habitus.
254 1147 352 1187 Haec
380 1148 459 1187 duo
486 1149 711 1189 Animantis
735 1150 775 1187 δε
801 1150 1032 1201 vegetantis
1058 1162 1203 1201 organa
1232 1150 1438 1202 primaria,
1467 1152 1508 1190 in

58 1224 232 1266 utroque
256 1215 396 1267 primis
425 1216 447 1255 a
472 1215 751 1256 secundatione
780 1217 1031 1268 temporibus
1051 1229 1119 1255 ens
1147 1217 1339 1269 integrum
1366 1218 1508 1257 consti-

57 1281 237 1331 tuentia,
268 1283 492 1324 universam
527 1296 622 1324 tunc
657 1284 971 1337 complessluntur
1005 1283 1339 1336 organisationem
1372 1298 1508 1324 coarc-

59 1359 182 1389 tatam
209 1363 254 1390 ac
287 1351 402 1390 vitali
432 1364 544 1391 motu
572 1351 733 1404 posthac
770 1350 1038 1390 evolvendam
1058 1381 1069 1397 ,
1100 1350 1141 1388 ὅ(
1169 1351 1332 1390 ειπιὲἶοε
1358 1351 1510 1392 idcirco

59 1417 280 1458 carafieres
295 1419 334 1457 in
353 1431 476 1458 unum
491 1418 599 1471 quasi
621 1417 859 1458 contrahunt
879 1430 973 1456 mox
1001 1417 1276 1469 occupandum
1300 1419 1510 1470 antequam

60 1483 242 1524 diffluens
265 1484 506 1524 increscente
530 1483 629 1524 foetu
651 1485 689 1523 in
713 1484 845 1536 plures
865 1483 1128 1536 dispertiatur.
1150 1483 1245 1524 Inde
1267 1485 1426 1524 ordines
1447 1485 1511 1531 seu

59 1551 183 1592 corde
212 1550 279 1591 seu
305 1552 470 1591 corculo
500 1551 670 1599 similes,
702 1551 799 1591 vere
826 1551 1075 1590 conveniunt
1110 1550 1291 1603 plurimis
1326 1551 1440 1603 signis
1471 1553 1512 1592 in

59 1631 182 1658 unum
198 1619 370 1659 colleffls
382 1649 393 1667 ‚
408 1619 447 1657 δι
466 1619 593 1672 prima
608 1618 865 1659 confirmatur
884 1618 1155 1657 Animantium
1171 1631 1216 1658 ac
1231 1619 1512 1670 Vegetantium

59 1686 203 1726 divisio
227 1700 276 1726 ex
304 1699 456 1739 organo
480 1687 718 1739 primigenio
748 1687 1007 1739 deprompta;
1033 1685 1122 1726 inde
1152 1687 1384 1727 universalis
1404 1688 1513 1740 plan-

60 1762 189 1792 tarum
222 1753 416 1792 distinetio
447 1753 487 1791 in
523 1753 856 1804 Acotyledones‚
895 1752 1292 1805 Monocotyledones
1317 1753 1358 1793 δι
1383 1754 1514 1794 Dico-

65 1819 280 1871 tyledones
309 1819 413 1859 reEta
438 1832 483 1859 ac
508 1820 730 1860 inconcussa
760 1819 935 1859 subsistit.

113 1887 258 1927 Primae
287 1887 450 1926 subeunt
482 1887 784 1939 Acotyledones
817 1888 1005 1928 strubiura
1043 1889 1237 1941 simplices
1270 1890 1311 1927 δε
1347 1889 1387 1927 in
1425 1889 1515 1928 uni-

57 1944 210 1996 'versati
258 1955 357 1995 serie
410 1955 631 2006 pauciores.
684 1955 982 2008 Subsequuntur
1025 1956 1294 2007 progressione
1346 1958 1516 1997 naturali

63 2022 457 2075 Monocotyledones
487 2035 654 2062 numero
691 2023 824 2075 plures
861 2035 906 2061 ac
939 2022 1068 2061 minus
1107 2022 1310 2075 simplices.
1340 2023 1514 2065 Demum

63 2091 264 2144 prodeunt
296 2089 612 2130 numerosiffimae
653 2089 976 2141 Dicotyledones
1021 2089 1311 2141 organisatione
1348 2091 1518 2144 pleniori

63 2157 257 2211 praeditae.
292 2157 387 2197 Non
421 2157 561 2198 severe
592 2157 970 2197 circumscribuntur
1000 2157 1074 2196 illae
1094 2157 1234 2198 'classes
1267 2159 1518 2210 systematico

66 2237 181 2264 more
206 2254 217 2272 ,
261 2224 325 2264 sed
364 2224 511 2277 absque
549 2226 760 2264 intervallo
792 2225 901 2277 juxta
925 2226 1088 2264 Naturae
1121 2238 1302 2265 normam
1332 2227 1518 2266 extremis

66 2291 242 2331 invicem
285 2291 488 2330 cohaerent
523 2293 735 2344 generibus
774 2293 980 2344 ambiguis.
1015 2292 1101 2332 Nec
1138 2292 1226 2331 satis
1253 2293 1341 2332 est:
1369 2293 1517 2333 eaedem

67 2357 187 2398 nimis
212 2357 353 2410 amplae
383 2359 423 2396 in
456 2357 705 2397 secundarias
730 2359 942 2399 necessario
970 2359 1201 2398 dividuntur
1223 2359 1398 2399 similiter
1426 2372 1520 2399 con-

68 2424 215 2473 nexas,
244 2437 411 2477 quarum
435 2424 625 2476 praecipui
656 2425 873 2465 cara&eres
901 2438 1018 2477 aequo
1044 2425 1130 2474 jure
1155 2424 1372 2466 uniformes
1393 2426 1520 2479 requi-

71 2501 233 2540 runtur,
265 2503 314 2530 ex
343 2491 501 2542 organis
535 2491 798 2531 essentialibus
827 2493 1097 2545 depromendi.

35 2556 37 2558 ’
124 2558 191 2601 An
206 2568 337 2597 autem
360 2559 593 2603 corculum,
621 2572 708 2611 pars
722 2560 999 2612 Vegetantium
1017 2562 1226 2613 primaria,
1245 2562 1313 2602 suo
1332 2563 1519 2604 loborum
1576 2588 1688 2623 claff

74 2637 243 2666 numero
259 2626 403 2680 primas
428 2627 617 2668 definiens
643 2627 800 2678 claffes,
821 2630 894 2669 alia
922 2629 1077 2683 insuper
1098 2629 1250 2685 profert
1266 2631 1369 2684 signa
1396 2630 1521 2673 solida
1547 2634 1711 2668 cundati:-
