1845 2968
1421 157 1500 193 xix

65 224 292 276 manifesta3
313 221 416 269 unde
437 221 579 282 plantae
595 219 733 268 habitu
757 221 961 269 fimillimae·
978 228 1174 270 caractere
1192 230 1235 270 «Sc
1252 232 1392 272 natura
1406 242 1500 276 con-³

62 289 214 348 formes
248 295 441 337 habentur
467 296 509 335 &
545 298 637 337 vice
678 297 804 337 versa.
838 297 1032 338 Praeterea
1061 298 1104 337 in
1127 297 1371 339 funfflonum
1401 301 1501 344 serie·

63 362 243 414 quaedam
267 366 419 404 caeteris
445 365 652 418 praestant,
671 365 961 418 vegetationem
987 377 1033 406 ac
1060 368 1386 419 propagationem
1404 372 1501 420 Prae-

61 428 201 480 primis
218 441 503 484 promoventes
522 463 534 482 ‚
556 446 720 486 quarum
746 445 892 484 organa
913 432 1004 473 ideo
1025 433 1207 486 primaria
1222 434 1263 473 δε
1285 434 1500 476 caracteres

60 493 153 553 ipsis
174 499 329 551 proprii
354 499 441 539 aliis
463 499 550 551 jure
576 499 858 552 praeficiuntur.
883 500 938 539 Ut
962 512 1094 540 tamen
1117 501 1157 539 in
1176 501 1334 553 organis
1357 503 1500 554 prima-

60 562 132 603 riis
167 566 335 618 partium
370 580 556 608 numerus
591 569 633 608 δι
668 567 796 607 forma
833 566 874 604 δε
908 568 1122 620 proportio
1156 567 1321 622 aliaeque
1356 569 1499 610 similes

53 629 187 670 'causae
211 631 260 670 ad
290 633 548 673 exercendam
576 632 812 672 sunffionem
842 634 1079 686 praecipuam
1107 634 1235 674 minus
1261 633 1500 683 conferunt5

3 744 6 748 ⁴
58 697 270 738 mutabiles
283 699 366 752 ipsa
386 700 640 740 niliilominiis
666 698 905 751 persistente,
923 699 974 738 fic
997 701 1156 741 deducta
1177 715 1223 742 ex
1241 700 1347 742 hisce
1369 702 1498 742 modis

58 761 162 816 signa
186 766 316 806 minus
339 768 576 807 aestimantur
594 767 742 819 pariter
769 767 968 806 instabilia.
994 767 1217 808 caracteres
1236 769 1357 820 igitur
1381 767 1498 821 praes·

56 831 181 871 tantia
211 833 422 886 inaequales
458 846 535 886 pro
573 832 735 884 subjecti
776 834 914 885 organi
953 834 1139 886 dignitate
1179 836 1220 874 &
1254 835 1499 876 diversarum

58 897 230 949 ejusdem
249 901 446 939 rationum
470 911 674 942 momento
703 901 912 940 ordinatim
944 902 1204 953 disponuntur
1219 931 1230 950 ‚
1253 903 1319 941 alii
1341 903 1501 942 inconsn
1531 932 1533 934 -

56 973 183 1005 tantes
202 965 266 1006 seu
287 971 414 1012 varii,
443 968 508 1007 alii
536 968 822 1007 constantiores
839 998 851 1016 ‚
879 967 946 1006 alii
974 967 1266 1007 constantiffimi
1293 970 1357 1008 seu
1378 969 1501 1010 effena

54 1031 191 1082 tiales,
218 1034 259 1073 in
287 1034 562 1088 comparandis
586 1035 723 1088 plantis
740 1047 822 1074 non
846 1034 1183 1074 indiscriminatim
1204 1035 1268 1074 sed
1287 1049 1334 1075 ex
1360 1037 1500 1077 ordine

54 1098 278 1141 adhibendi.
308 1102 464 1142 Horum
490 1102 648 1156 insuper
665 1103 798 1156 plures
816 1133 827 1152 ,
845 1103 884 1141 in
909 1102 1046 1143 eadem
1078 1103 1210 1156 planta
1237 1103 1398 1143 minime
1432 1109 1500 1144 aut

42 1204 44 1207 ,
56 1178 197 1218 parum
209 1170 368 1221 cognati
383 1200 394 1219 ,
410 1172 459 1210 ab
480 1172 656 1211 invicem
673 1172 762 1225 plus
781 1171 957 1210 minusve
972 1170 1174 1210 discedunt
1195 1170 1301 1223 quasi
1323 1170 1379 1211 sui
1399 1170 1499 1222 juris

52 1230 142 1272 faeti
154 1247 169 1282 3
194 1236 373 1275 nonnulli
396 1238 536 1277 contra
556 1238 696 1278 mutuo
716 1238 851 1278 affines
870 1237 1067 1290 praecipue
1088 1237 1127 1276 in
1157 1237 1256 1277 flore
1284 1249 1350 1278 aut
1370 1237 1498 1279 frueiu

52 1298 95 1339 δι
118 1314 168 1341 ex
188 1303 496 1344 constantiorum
520 1315 588 1345 aut
612 1306 871 1346 effentialium
900 1305 996 1344 serie
1025 1304 1277 1357 deprompti,
1306 1307 1358 1345 ita
1381 1307 1499 1346 cons-

53 1368 184 1421 pirant
213 1383 259 1411 ac
293 1372 578 1413 connectuntur
617 1383 662 1412 ut
697 1385 798 1412 unus
835 1371 1002 1412 existens
1035 1371 1199 1411 alterum
1241 1372 1393 1424 semper
1431 1381 1499 1413 aut

50 1435 195 1489 saepiiis
224 1441 479 1491 praenuntiet:
495 1441 546 1480 fic
574 1441 744 1494 germini
764 1439 892 1479 infero
915 1439 1017 1478 calix
1042 1439 1195 1492 semper
1210 1440 1498 1492 monophyllus

47 1503 273 1546 adnascitur
293 1537 305 1555 ,
333 1507 386 1548 fic
412 1508 574 1548 flamina
608 1509 771 1549 corollae
807 1508 1071 1561 monopetalae
1103 1505 1244 1559 saepiits
1273 1506 1498 1546 inseruntur

49 1579 145 1611 tunc
170 1573 401 1628 plerumque
422 1576 785 1616 numero'definita.
819 1574 1062 1616 consensum
1085 1575 1189 1613 hunc
1216 1575 1328 1627 plura
1351 1574 1389 1612 in
1411 1573 1499 1626 ρο(ιε

48 1647 179 1680 terum
209 1641 501 1682 confirmabunt
535 1643 713 1696 exempla
731 1675 743 1693 ,
773 1643 999 1696 patebitque
1035 1642 1242 1682 multoties
1280 1654 1416 1693 magna
1447 1652 1498 1680 ex

47 1707 248 1760 signorum
285 1723 453 1751 numero
477 1741 490 1760 ,
529 1711 657 1762 major
699 1724 748 1752 ex
791 1724 930 1751 eorum
962 1710 1215 1763 disparilitate
1241 1708 1493 1762 percipienda

51 1775 214 1816 utilitas.

86 1830 264 1896 'cogniti
296 1846 508 1887 caraneres
529 1844 831 1886 determinandis
860 1845 1136 1899 impenduntur
1167 1843 1338 1896 plantis,
1360 1842 1400 1880 δε
1428 1853 1493 1881 eas

49 1911 193 1953 ssmiles
219 1913 392 1953 indicant
423 1925 489 1954 aut
521 1915 715 1954 diffimiles
750 1927 824 1967 pro
857 1914 925 1953 sua
961 1914 1000 1952 in
1029 1914 1215 1953 omnibus
1249 1911 1393 1962 majori
1425 1921 1492 1950 aut

46 1968 196 2019 minori
220 1979 496 2021 consensione.
524 1980 669 2020 Plantae
701 1981 849 2020 cunetis
879 1980 1056 2032 partibus
1082 1980 1146 2018 seu
1181 1978 1374 2017 carafiiere
1404 1978 1493 2017 uni-

46 2046 194 2088 versali
231 2049 512 2088 convenientes
535 2080 547 2097 ‚
575 2061 625 2087 ex
656 2048 847 2087 consimili
882 2058 980 2085 natae
1009 2047 1051 2085 δε
1082 2045 1242 2084 similem
1265 2046 1456 2097 pariturae
1477 2076 1489 2093 ,

47 2115 217 2155 totidem
237 2115 325 2156 sunt
346 2116 552 2155 individua
577 2115 689 2154 simul
709 2114 984 2154 constituentia
996 2114 1142 2164 speciem
1160 2111 1322 2165 proprie
1348 2112 1489 2152 diCtam

47 2196 139 2236 quae
163 2180 259 2222 olim
282 2183 384 2224 male
412 2183 603 2235 designata
620 2214 632 2231 ‚
659 2194 763 2221 nunc
794 2181 934 2220 rectius
962 2180 1147 2220 definitur
1174 2180 1352 2232 perennis
1382 2178 1489 2220 indi-

48 2249 266 2290 viduorum
282 2250 463 2290 similium
478 2249 659 2290 succeffio
676 2248 904 2288 continuata
921 2248 1174 2299 generatione
1189 2246 1488 2287 renascentium.-

47 2318 147 2358 Haec
173 2318 321 2358 entium
350 2318 597 2357 consociatio
616 2317 657 2356 δε
681 2317 796 2356 series
820 2316 1034 2368 generatim
1055 2313 1309 2353 immutabilis
1327 2326 1373 2352 ac
1395 2326 1487 2366 per-

46 2395 191 2439 petua,
225 2383 393 2425 fortuito
420 2385 615 2425 interdum
644 2396 710 2424 aut
737 2384 906 2424 humana
932 2383 1115 2422 industria
1149 2381 1387 2420 subvertitur
1409 2381 1488 2420 ali-

46 2453 298 2506 quantisper,
330 2453 422 2493 dum
452 2451 602 2492 scilicet
630 2453 784 2491 ratione
809 2451 889 2490 loci
924 2461 991 2490 aut
1026 2449 1230 2501 temperiei
1259 2459 1327 2487 aut
1355 2448 1487 2488 morbi

46 2530 115 2560 aut
141 2522 305 2561 culturae
332 2521 489 2560 variant
512 2520 713 2560 individua
739 2520 917 2573 quaedam
942 2520 963 2557 a
988 2517 1223 2570 primigenio
1251 2515 1486 2555 discedentia

45 2587 214 2629 floribus
231 2589 500 2642 multiplicatis
524 2599 590 2627 aut
613 2588 736 2641 plenis
763 2599 830 2627 aut
848 2585 1036 2626 mutilatis
1050 2596 1116 2624 aut
1134 2581 1351 2636 proliseris‚
1381 2582 1487 2621 foliis'

46 2655 160 2695 varie
185 2655 471 2695 luxuriantibus
499 2665 566 2695 aut
590 2654 839 2700 deformatis,
864 2654 1001 2693 colore
1033 2653 1263 2696 immistam,
1289 2651 1486 2701 irrepente

1198 2715 1280 2778 Βῆ

1524 1906 1526 1909 v
1563 1870 1681 1911 Species
1695 1866 1727 1902 ’δέ

1519 1914 1704 1952 Varietate&
