1845 2968
129 1382 238 1422 Regna
250 1390 306 1412 na-

102 1434 190 1457 tutae.

335 131 366 180 i'
1756 131 1785 160 ε’

331 151 634 276 :uiuscujusque
656 219 840 272 corporis
861 227 1090 269 compagem
1110 213 1152 256 δι
1170 213 1384 257 existentiae
1406 215 1569 256 modum
1593 209 1774 268 specialis

331 291 527 345 exprimit.
559 291 672 330 Hanc
702 289 768 328 sub
793 287 922 340 primo
955 283 1132 337 respeem
1163 283 1192 323 fi
1217 283 1308 337 quis
1336 284 1527 337 integram
1549 282 1617 323 sibi
1645 281 1774 322 fidens

331 358 471 399 audeat
496 356 690 410 capessere
710 385 720 402 ‚
749 354 901 393 animos
927 351 990 391 ille
1018 350 1153 403 grandi
1173 350 1361 391 detinebit
1378 361 1568 403 apparatu
1589 349 1632 389 ὅτ.
1651 347 1777 401 splen·

330 426 428 466 dido
459 424 595 464 illiciet
627 423 804 464 sermone
829 418 1060 472 idoneisque
1088 417 1225 459 verbis
1239 431 1254 466 3
1278 417 1341 459 sed
1367 417 1522 458 sincero
1544 427 1677 458 rerum
1700 427 1772 456 na·
1834 423 1845 428 ·

332 494 515 534 ruralium
549 488 819 542 investigatori
843 500 922 528 non
951 485 1092 526 sufficit
1115 498 1249 525 earum
1271 479 1553 538 compendiosa
1580 482 1773 524 delibatio
1834 527 1841 532 ,

331 571 399 601 aut
429 559 608 612 cognitio
638 556 831 596 inchoata.
867 553 942 607 Ipsi
978 552 1172 597 noscenda
1211 551 1322 605 prius
1360 551 1600 604 fingulorum
1634 560 1774 611 natura
1830 603 1838 611 ,

330 640 545 680 corporum
574 623 758 664 omnibus
780 621 858 662 suis
886 620 1064 674 partibus
1090 618 1294 668 absoluta,
1321 630 1440 672 quarn
1458 618 1651 661 definiunt
1672 631 1774 672 prae·

328 693 446 746 cipue
475 689 722 732 elementaris
748 686 987 741 compofitio
1015 687 1056 726 ὃ(
1084 685 1271 738 organica
1293 683 1458 724 fabrica.
1488 683 1584 725 Inde
1613 682 1774 726 scientia

333 760 475 812 duplex
493 789 504 808 ‚
534 758 818 798 elementorum
845 754 887 794 δι
912 766 1154 806 organorum
1172 752 1446 793 distinffiffima
1461 784 1473 803 ,
1497 751 1620 793 altera
1642 752 1682 792 in
1699 752 1776 794 ele·

326 826 467 867 mentis
494 825 664 864 indolem
693 823 733 863 &
757 822 1016 862 numerum&
1034 820 1341 873 proportionem
1366 820 1406 859 δι
1436 831 1614 860 mutuam
1641 819 1772 860 affini·
1810 843 1812 845 ·

326 904 444 932 tatem
479 901 709 944 computans
730 919 742 937 ‚
779 888 902 928 altera
932 887 971 926 in
1004 886 1163 939 organis
1193 897 1390 926 texturam
1425 885 1467 926 &
1497 899 1707 928 numerum
1732 885 1776 926 δε

327 959 622 1012 dispositionem
660 956 700 995 δι
739 954 999 1007 praestantiam
1030 953 1070 992 &
1095 953 1337 1006 reciprocam
1368 953 1566 994 actionem
1597 953 1777 1019 metiens'.

325 1025 697 1078 Rejiciendaigitur
724 1034 838 1063 vetus
855 1021 1017 1074 triplicis
1038 1020 1163 1074 Regni
1186 1020 1404 1069 distinctio,
1423 1019 1566 1075 nempe
1585 1021 1776 1062 Animan-

327 1094 424 1134 tium
443 1122 456 1138 ,
490 1091 767 1145 Vegetanrium
793 1090 831 1128 ἃ
859 1087 1114 1129 Mineralium
1135 1118 1149 1135 ,
1172 1089 1236 1151 03⁸¹
1271 1088 1417 1128 rectius
1440 1087 1687 1129 substituitur
1713 1101 1776 1130 re-

330 1163 482 1200 centior
501 1159 663 1212 partitio
689 1158 725 1196 in
751 1156 929 1208 Regnum
959 1156 1189 1208 organicum
1211 1155 1248 1194 δι
1265 1154 1445 1208 Regnum
1471 1155 1742 1208 inorganicum
1763 1185 1778 1205 ,

329 1229 419 1268 hinc
449 1227 657 1268 Mineralia
682 1225 789 1274 sola,
820 1224 926 1263 1llinc
955 1223 1184 1263 Animantia
1216 1236 1307 1263 cum
1337 1223 1626 1276 vegetantibus
1655 1235 1772 1263 com-

329 1296 510 1350 plectens.
1775 1331 1778 1336 ¹

380 1362 649 1415 Inorganicam
678 1360 928 1400 Mineralium
952 1370 1131 1400 naturam
1147 1359 1349 1400 constituit
1370 1371 1586 1413 compages
1605 1358 1774 1401 elemen-

328 1443 460 1471 torum
484 1431 520 1468 in
546 1428 704 1468 diversa
724 1428 955 1468 coeuntium
978 1427 1098 1467 mixta
1119 1439 1290 1480 quorum
1320 1427 1627 1481 juxtapofitione
1651 1428 1774 1470 mine-

328 1497 408 1538 rale
436 1509 581 1550 corpus
613 1497 801 1548 exurgit,
827 1495 1067 1548 adaugetur,
1094 1496 1326 1549 perficitur·‚
1358 1495 1502 1549 quibus
1532 1495 1666 1549 postea
1694 1494 1772 1535 dis-

328 1565 470 1617 junEtis
496 1563 669 1603 vicissim
695 1562 928 1612 destruitur,
945 1563 1158 1602 recentiori
1181 1576 1284 1603 nexu
1313 1563 1352 1602 in
1380 1576 1490 1603 nova
1516 1564 1774 1605 concrescens

329 1645 501 1686 corpora
534 1644 615 1670 non
645 1630 713 1682 ipsi
743 1643 882 1670 coaeva
910 1629 974 1669 sed
1001 1643 1051 1671 cx
1082 1630 1254 1680 ejusdem
1285 1630 1431 1671 detritu
1460 1629 1558 1671 faeta
1578 1660 1590 1678 ‚
1615 1630 1772 1671 distinc-

329 1699 510 1740 tissimum
538 1699 585 1738 ab
615 1710 702 1738 ente
729 1698 920 1750 organico
947 1697 1045 1738 infra
1070 1697 1305 1738 definiendo.
1336 1698 1380 1738 In
1409 1698 1668 1739 examinanda
1692 1698 1773 1739 Mi-

329 1765 517 1806 neralium
543 1763 671 1804 forma
690 1764 729 1803 &
753 1764 948 1817 positione
967 1764 1102 1804 mutua
1120 1764 1285 1804 subsidet
1301 1764 1591 1817 Mineralogia;
1606 1764 1774 1807 ulterihs

330 1831 508 1884 procedit
526 1830 688 1870 Chemia
704 1861 714 1879 ‚
734 1830 936 1883 sejungens
962 1831 1110 1883 analysi
1140 1844 1355 1884 corporum
1375 1832 1568 1886 principia
1584 1862 1597 1882 ‚
1624 1832 1772 1875 horum

329 1897 620 1951 deprehendens
647 1911 849 1938 numerum
876 1899 1079 1951 variasque
1110 1899 1319 1939 affinitates
1345 1899 1446 1939 inter
1473 1899 1512 1940 se
1535 1898 1771 1950 conferens,

331 1965 371 2004 δε
390 1966 510 2019 ipsam
529 1963 693 2005 fecunda
714 1965 958 2017 Syntheseos
981 1977 1065 2006 arte
1087 1978 1262 2006 naturam
1280 1967 1478 2007 aemulans.

381 2034 417 2074 A
437 2033 744 2086 praecedentibus
761 2032 888 2086 dispar
904 2032 1064 2073 scientia
1079 2046 1319 2086 organorum
1338 2034 1550 2086 explorans
1568 2045 1770 2086 naturam,

329 2114 409 2142 non
446 2102 483 2140 in
523 2114 660 2141 corum
701 2101 904 2154 principiis
940 2101 1158 2141 scrutandis
1199 2102 1392 2142 incumbit
1429 2115 1518 2155 quae
1559 2101 1770 2144 Chemiam

328 2169 498 2222 speciant
516 2199 527 2216 ,
553 2169 613 2208 sed
644 2169 683 2208 in
713 2169 870 2221 organis
901 2167 1068 2207 formam
1091 2168 1132 2208 δι
1153 2179 1383 2208 contextum
1407 2169 1449 2208 &
1477 2169 1575 2209 vitae
1605 2170 1770 2212 modum

329 2235 522 2288 potissime
552 2234 804 2274 confeciatur.
829 2235 906 2274 Ens
933 2235 1038 2274 enim
1069 2235 1302 2287 organicum
1336 2249 1384 2276 ex
1415 2235 1551 2276 solidis
1576 2237 1616 2277 δι
1641 2236 1772 2279 fluidis

329 2301 478 2341 constat
494 2303 668 2355 partibus
685 2301 894 2355 reciproco
913 2302 951 2342 in
976 2302 1015 2342 se
1035 2302 1211 2342 invicem
1228 2303 1432 2355 agentibus
1449 2314 1584 2354 motu,
1600 2317 1767 2358 quarum

329 2367 461 2407 solidae
481 2368 565 2408 aliae
592 2370 733 2408 dantur
746 2369 921 2420 fimilares
947 2368 1253 2422 simplicissimae,
1282 2371 1369 2410 aliae
1395 2373 1565 2424 organica:
1588 2383 1640 2412 ex
1665 2371 1769 2413 fimi-

327 2433 474 2472 laribus
499 2432 626 2480 fuum,
650 2434 779 2474 fluidae
805 2434 904 2475 vero
930 2434 1030 2475 intra
1055 2435 1264 2475 solidarum
1287 2435 1680 2494 decurrunqvascula
1698 2447 1768 2477 aut

327 2499 367 2537 in
393 2512 526 2539 earum
557 2500 706 2540 cellulis
733 2502 953 2542 consistunt.
988 2501 1089 2542 Illud
1113 2516 1175 2550 e»,
1191 2517 1411 2556 congenere
1438 2509 1572 2543 natum
1593 2533 1605 2551 ,
1628 2503 1770 2544 crescit

324 2566 560 2617 praecedenti
589 2567 795 2608 conforme
815 2599 825 2615 ‚
854 2569 1057 2622 principiis
1092 2571 1308 2611 nutritione
1331 2569 1625 2624 intussusceptis
1643 2570 1767 2611 'inva-

321 2633 457 2684 tescit,
491 2635 624 2676 varias
648 2636 697 2676 ab
726 2648 870 2678 exortu
893 2637 941 2678 ad
968 2637 1086 2680 finem
1115 2639 1261 2693 patitur
1296 2639 1433 2689 vices,
1454 2636 1638 2680 foeturam
1668 2649 1767 2692 pro-¹
