1845 2968
463 130 1199 180 UMBELLIFERAE.
1459 151 1550 201 227

118 223 426 272 LAGOEC1A‚
455 225 497 264 L.
527 228 545 245 *
571 224 873 273 (ΞυΜιΝοϊῡεε,
912 224 960 265 Τ.
986 228 1006 247 '⁶
1040 225 1155 265 Calix
1191 225 1334 276 5-fidus
1354 258 1365 275 ,
1402 229 1556 271 laciniis

171 277 618 330 capillaceo-multifidis.
633 277 760 317 Petala
776 277 963 317 breviora
977 279 1160 318 2—c0rnia.
1171 278 1307 330 stylus
1322 280 1364 320 &
1377 280 1511 332 stigma
1522 295 1554 322 1.

171 328 312 370 Semen
338 344 364 368 ιἶ
382 329 533 368 laciniis
554 330 727 368 calicinis
741 340 990 369 coronatum.
1018 331 1176 370 Umbella
1180 332 1356 383 fimplm,
1373 333 1552 373 involucro

171 381 332 434 8-phyllo
349 381 494 433 foliolis
515 383 849 434 pennam-dentatis
867 396 880 431 ‚·
901 382 1040 433 fingulo
1063 384 1211 434 flosculo
1238 385 1486 422 imroluccllrfm
1509 401 1554 434 4-

165 433 328 486 plzyllum
363 434 757 486 capillaceo-pennatum
779 448 796 480 ,·
828 434 922 483 solia
951 435 1127 472 radicalia
1155 436 1191 474 6-
1223 437 1365 474 mulina
1388 437 1555 488 pinnata.

174 487 298 525 Genus
317 486 412 539 stylo
443 485 477 523 δ’
494 487 625 539 semine
657 488 760 526 unico
791 487 834 525 ab
873 486 1108 537 ;<''mbclliftris
1137 487 1334 540 (HJ-{repares
1352 518 1363 536 ‚
1398 489 1554 527 caeter-iam

168 539 283 592 affine.

173 633 272 672 0⁸⁸.
289 635 609 675 Umbelliferarum
627 636 830 675 distributio
847 649 887 674 ac
902 635 1100 684 defignatio
1112 667 1123 683 ‚
1136 637 1248 684 qualis
1266 636 1325 675 hic
1343 637 1553 687 exhibetur,

123 683 272 732 integrae
302 699 426 724 earum
452 688 588 724 notitiae
612 688 725 732 impar
753 698 850 722 extat
870 684 1070 731 seriemque
1095 686 1212 724 mimis
1232 688 1431 726 naturalem
1451 689 1556 728 exhi·-

121 732 194 770 bet.
222 736 273 771 Ex
302 735 493 773 involucris
518 737 614 772 enirn
643 733 740 781 figna
768 734 928 780 quaedam
962 733 1097 779 solida,
1124 732 1184 772 sed
1211 736 1310 781 plura
1342 750 1492 776 erronea
1513 753 1554 777 ac

121 780 229 820 facile
259 784 356 820 varia
385 782 748 829 deducuntur9crim
782 781 917 827 species
951 796 1170 831 congeneres
1197 785 1455 832 nonnunquam
1481 789 1557 826 aliae

123 830 191 868 fint
217 832 473 878 involucratae,
502 832 580 868 aliae
618 831 732 872 nudae,
760 832 957 876 Praecipuos
981 833 1017 869 in
1044 834 1131 869 flore
1166 838 1200 870 δε
1233 832 1350 870 fruita
1374 838 1556 883 Vegetan-

123 881 214 917 tium
231 882 394 918 omnium
421 879 573 927 ideoque
599 878 923 917 Umbelliferarum
944 881 1137 918 caracteres
1157 882 1323 929 indigitat
1340 883 1554 922 observatio.

121 930 268 967 Horum
292 930 449 975 primarii
480 931 516 966 in
546 928 712 965 omnibus
736 927 987 966 Umbelliferis
1021 929 1129 967 iidem
1147 961 1157 976 ‚
1184 932 1303 968 ordini
1330 930 1554 980 designando

121 979 334 1024 praevalem,
353 980 426 1025 jam
454 978 542 1015 tales
565 976 666 1023 supra
692 979 897 1015 memorati.
923 978 1155 1015 Secundarios
1177 981 1352 1027 genericis
1374 981 1555 1020 definitio-

121 1025 228 1064 nibus
255 1025 471 1064 addicendos
499 1025 667 1064 exhibent
688 1025 834 1064 diversae
861 1039 977 1073 partes
1005 1026 1051 1063 ab
1075 1027 1267 1065 Autoribus
1296 1027 1342 1066 ad
1368 1031 1556 1070 arbitrium

122 1071 284 1122 selectae,
315 1075 441 1123 nempe
473 1076 595 1120 calix,
624 1075 786 1119 corolla,
817 1075 1043 1113 involucrum
1072 1081 1139 1113 &c.
1164 1108 1173 1122 ,
1200 1076 1261 1114 sed
1290 1080 1407 1115 cosin
1436 1077 1555 1117 fructu

121 1123 338 1170 potiffimtim
363 1125 573 1171 quaerendos
600 1123 724 1162 suadet
751 1136 877 1161 natura
896 1123 1099 1171 docentque
1119 1125 1362 1172 Morisonius,
1394 1129 1556 1166 Tourne-

122 1171 279 1219 fortius,
308 1174 487 1217 Rivinus,
513 1174 680 1211 Hallerus
710 1179 744 1210 δ(
774 1174 865 1210 inter
897 1174 1114 1211 recentiores
1143 1175 1339 1212 accuratior
1364 1178 1557 1215 Crantzius

120 1220 439 1260 Umbelliferarum
461 1220 730 1270 monographus
743 1250 754 1266 ‚
775 1220 1033 1268 Cussoniusque
1054 1225 1150 1265 cuius
1165 1222 1353 1269 posthuma
1368 1224 1411 1262 de
1428 1222 1555 1263 iisdem

121 1269 316 1310 differtatio
353 1273 388 1309 in
420 1272 499 1309 Aet.
540 1274 620 1308 Soc.
653 1270 754 1307 Med.
793 1273 870 1308 Par.
907 1278 991 1318 1782
1030 1271 1163 1316 prodiit
1193 1284 1357 1319 excerpta
1378 1301 1393 1317 ,
1429 1277 1554 1323 magni

121 1320 254 1358 nuncia
282 1321 398 1367 operis
426 1320 578 1363 inediti,
603 1334 644 1356 ex
669 1319 738 1366 qua
763 1318 909 1367 sequens
935 1319 1112 1356 delibatur
1128 1319 1262 1358 frueffis
1280 1320 1481 1369 descriptio.

168 1369 311 1415 Duplex
337 1370 375 1406 in
395 1368 717 1407 Umbelliferarum
740 1366 875 1405 semine
901 1365 1103 1414 superficies
1127 1386 1134 1407 :
1163 1371 1272 1408 altera
1296 1371 1443 1408 interior
1466 1387 1555 1411 con-

119 1420 245 1467 jugato
277 1416 404 1456 semini
434 1417 582 1456 obversa
609 1416 825 1464 commissura
859 1417 951 1454 dieta
971 1445 983 1464 ‚
1014 1418 1123 1455 latior
1158 1418 1310 1456 omnino
1345 1418 1461 1458 clausa
1493 1433 1554 1459 aut

120 1465 305 1515 angustior
328 1467 496 1505 lateribus
519 1466 658 1512 hiulca,
685 1463 838 1514 gibbosa
864 1478 923 1503 aut
947 1467 1180 1512 complanata·
1198 1480 1258 1505 aut
1283 1482 1439 1507 concava
1457 1469 1555 1508 varie

122 1528 314 1561 excavata3
337 1516 450 1553 altera
475 1514 673 1561 superficies
692 1516 847 1552 exterior
863 1514 1010 1552 dorsalis
1026 1517 1340 1563 quinquelineata,
1369 1531 1430 1556 aut
1450 1520 1554 1557 lineis

120 1566 266 1603 elevatis
287 1566 566 1613 quinquejugata
588 1563 647 1601 seu
668 1563 959 1610 quinquecostata
975 1593 984 1607 ‚
1011 1563 1101 1602 striis
1121 1578 1181 1602 aut
1200 1564 1303 1604 sulcis
1325 1580 1478 1614 quatuor
1500 1571 1556 1605 in-

122 1614 298 1661 terpositis
318 1626 478 1652 exaratur
493 1642 504 1658 ,
531 1612 709 1650 interdum
734 1625 886 1656 quatuor
907 1614 982 1650 aliis
1003 1615 1096 1661 jugis
1119 1626 1181 1651 aut
1204 1614 1307 1653 costis
1335 1615 1553 1655 secundariis

121 1666 159 1703 in
183 1663 321 1712 fingulo
350 1661 449 1700 sulco
472 1662 680 1709 prominulis
700 1660 880 1699 instructa.
904 1660 1022 1699 (30stae
1045 1664 1244 1708 primatiae,
1266 1663 1345 1702 sum
1362 1665 1438 1703 duae
1458 1680 1555 1703 mar-

119 1713 283 1761 ginales,
312 1711 391 1749 duae
414 1711 575 1748 laterales
593 1742 603 1758 ‚
630 1724 700 1747 una
729 1710 874 1747 dorsalis
899 1725 910 1755 3
937 1709 1150 1749 secundaria:
1180 1712 1261 1750 sunt
1288 1712 1365 1751 duae
1390 1715 1554 1754 laterales

121 1761 377 1810 marginalibus
402 1761 575 1806 primariis
602 1761 795 1806 proximae,
828 1759 906 1797 duae
932 1758 1086 1798 dorsales
1111 1761 1241 1798 dorsali
1265 1764 1373 1808 priori
1397 1765 1555 1802 vicinio-

120 1824 206 1856 res;
234 1823 389 1857 urraeque
421 1822 512 1845 nunc
544 1810 670 1852 nudae,
703 1822 796 1845 nunc
825 1807 972 1860 seorsim
1002 1822 1062 1846 aut
1089 1808 1189 1847 fimul
1214 1812 1249 1848 in
1276 1812 1350 1848 alas
1375 1824 1435 1849 aut
1461 1814 1552 1857 pilos

118 1857 307 1898 aculeosve
330 1857 521 1904 produdlae.
547 1858 679 1894 Eadem
700 1855 843 1894 seminis
869 1855 1069 1902 superficies
1094 1859 1153 1895 vel
1177 1860 1328 1896 omnino
1350 1859 1497 1897 dorsalis
1515 1867 1551 1898 &

119 1909 214 1946 varie
244 1908 450 1955 prominens
482 1905 637 1951 ideoque
669 1907 774 1952 plana
808 1918 868 1942 aut
903 1919 1063 1942 convexa
1100 1920 1160 1943 aut
1196 1906 1309 1955 gibba
1341 1920 1401 1946 aut
1429 1908 1552 1946 herni-

119 1956 291 2001 sphaerica
305 1986 316 2002 ,
336 1956 394 1994 vel
416 1955 510 2004 juxta
532 1954 647 1992 costas
667 1955 849 2000 primarias
872 1954 1033 1991 laterales
1059 1955 1226 2002 angulata
1251 1955 1291 1992 fit
1320 1958 1442 1994 medio
1464 1958 1552 1995 dor-

72 2012 74 2015 ’
121 2004 223 2053 salis,
245 2006 408 2052 utrinque
432 2004 584 2042 lateralis
600 2035 610 2050 ,
633 2003 800 2041 lateribus
820 2016 885 2048 pro
905 2016 1030 2040 mutuo
1056 2000 1288 2041 conimisshrae
1308 2011 1340 2043 &
1363 2004 1454 2042 dorsi
1472 2007 1552 2044 dia-

120 2067 237 2092 metro
266 2054 444 2101 parallelis
464 2066 524 2090 aut
547 2051 819 2090 conniventibus
842 2063 902 2089 aut
922 2051 1136 2089 divaricatis.

168 2105 235 2140 His
261 2102 366 2151 fignis
388 2101 532 2148 aliisque
560 2103 595 2138 in
625 2102 766 2138 Autoris
789 2099 1030 2138 dissertatione
1058 2099 1225 2138 attentitis
1252 2102 1467 2149 inquirendis
1486 2118 1551 2142 ve-

121 2153 232 2190 riores
254 2150 452 2189 elucescent
469 2148 788 2188 Umbelliferatum
819 2150 1012 2186 caracteres
1031 2179 1041 2195 ‚
1069 2154 1103 2185 &
1131 2148 1261 2196 species
1288 2151 1454 2198 quaelibet
1472 2167 1552 2199 pro-

119 2202 204 2247 priis
227 2199 417 2249 generibus
444 2198 703 2236 submittentur.
741 2198 905 2235 Itcranda
937 2199 1047 2246 igitur
1070 2199 1106 2234 in
1131 2200 1221 2235 vivis
1252 2199 1446 2246 specierum
1474 2202 1552 2238 col-

119 2251 232 2290 latio,
265 2247 423 2295 sepositis
451 2261 623 2295 generum
651 2247 909 2285 hodiernorum
933 2245 1216 2293 definitionibus,
1241 2262 1313 2286 non
1339 2261 1457 2286 tamen
1485 2264 1551 2287 ne·

119 2299 246 2345 gleffls
278 2295 524 2346 praecessorum
561 2295 887 2334 observationibus.
928 2296 1104 2344 Quaedain
1142 2298 1216 2333 ttini
1254 2299 1400 2345 propria:
1425 2327 1435 2342 ,
1473 2299 1550 2337 tum

122 2345 344 2394 frequentius
366 2360 409 2383 ex
433 2343 650 2383 Cusl'oniana
672 2343 910 2382 differtatione
938 2348 1184 2391 Autorurnque
1201 2346 1299 2385 libris
1318 2348 1442 2385 elicitae
1459 2347 1552 2395 adji-

122 2397 262 2433 ciuntur
279 2395 477 2434 Linnaeanis
501 2395 664 2440 placitis,
691 2392 907 2439 perficiendo
933 2393 1051 2430 ordini
1080 2393 1299 2443 prosururae,
1331 2396 1457 2443 quibus
1483 2396 1552 2435 ad·-

120 2444 206 2484 dant
232 2445 349 2483 caeteri
369 2442 523 2491 operosa
548 2448 582 2481 &
610 2442 726 2480 mimis
746 2441 848 2490 grata
871 2440 1110 2490 disquisitione
1135 2457 1207 2482 non
1228 2443 1397 2484 deterriti.

751 2582 915 2637 ‹me-
