1845 2968
1391 135 1485 168 XXV

49 213 156 253 alteri
186 214 336 253 nomini
367 212 576 253 conforme
599 220 666 251 aut
688 211 1002 264 comparativum
1027 229 1056 251 a.
1086 212 1242 252 Nomen
1264 212 1488 266 specificum

48 278 95 320 fit
116 279 259 332 pariter
282 279 442 332 simplex
466 290 512 319 ac
535 276 676 322 facile,
706 277 766 316 sed
798 279 984 330 praeterea
1014 277 1228 330 significans
1249 310 1262 327 ‚
1290 279 1488 331 praecipue

48 343 326 389 desumendum
358 357 408 388 ex
434 343 569 383 solido⁴
588 343 779 383 carafiere
805 344 967 395 speciem
994 343 1016 383 a
1048 346 1331 397 congenerihus
1357 345 1490 384 distin·

46 422 190 462 guente
210 412 251 452 δι
277 422 372 451 tunc
405 410 503 450 vere
517 411 714 463 specificam
736 410 752 437 b
771 441 783 459 ‚
806 422 872 449 aut
889 423 940 450 eo
968 410 1172 451 deficiente
1196 411 1351 450 interim
1370 410 1493 450 unde·-

48 478 205 530 quaque
228 477 463 517 eliciendum
479 507 490 524 ,
515 477 654 529 nempe
682 490 731 517 ex
757 476 868 522 solo,
893 479 1074 529 regione,
1099 478 1348 531 tempestate,
1374 477 1490 517 dura·

45 543 322 592 tione,colore
332 575 343 594 ,
354 545 492 597 sapore
504 577 515 594 ‚
527 545 669 593 odore,
684 543 755 584 usu
769 544 844 584 &c.
855 574 866 592 ‚
879 555 972 584 tunc
985 545 1152 585 deterius
1163 545 1304 584 triviale
1313 543 1488 584 dictum&

96 609 324 664 Descriptio
359 613 425 652 vel
468 612 521 652 est
566 611 737 665 partialis
779 612 842 651 vel
886 612 1119 652 universalis
1157 626 1166 650 τ
1200 612 1286 651 haec
1324 611 1487 663 propria

46 676 335 732 Monographis
350 680 506 718 unicam
531 679 698 731 plantam
716 678 1025 719 describentibus
1043 691 1110 719 aut
1126 678 1485 733 peregrinatoribus

46 744 95 790 de
115 748 333 798 vegetantis
356 746 537 785 hactenus
563 745 753 796 incogniti
784 757 924 796 genere
958 746 1116 785 incertis
1134 776 1145 794 ‚
1168 746 1335 798 singulas
1351 745 1484 785 nomi-

47 812 169 858 natim
186 813 359 854 recenset
381 822 511 865 partes
538 811 678 851 ordine
696 810 884 850 uniformi
909 811 985 863 (ne
1007 813 1183 865 quaedam
1200 812 1486 864 omittantur),

48 879 188 932 nempe
217 880 411 926 radicem,
440 878 589 922 caulem
605 908 616 926 ‚
642 876 735 917 folia
757 908 769 926 ‚
805 878 1132 918 inflorescentiam
1152 909 1163 928 ‚
1197 880 1356 920 calicem
1373 910 1385 928 ,
1410 892 1487 918 co-

49 945 215 993 rollam,
247 946 433 995 stamina,
467 945 649 998 pistillum
675 975 686 993 ‚
722 944 889 986 fructum
919 946 959 985 8<
987 947 1155 994 semina,
1184 947 1323 999 easque
1351 959 1488 1002 omnes

47 1010 202 1051 ratione
225 1011 463 1060 existentiae,
487 1012 603 1061 fitsis,
634 1013 819 1058 numeri,
845 1013 1134 1062 connexionis,
1159 1013 1296 1065 figurae
1323 1013 1363 1052 δι
1390 1027 1486 1065 pro-

46 1077 273 1129 portionis,
297 1079 438 1118 additis
465 1081 620 1132 insuper
652 1080 787 1120 habitu
804 1111 816 1129 ‚
847 1080 973 1132 patria
989 1111 1001 1130 ‚
1029 1080 1113 1119 solo
1131 1111 1142 1129 ‚
1169 1080 1385 1119 vernaculo
1410 1092 1489 1119 no-

47 1145 154 1189 mine
180 1145 220 1184 &
251 1143 331 1185 usu.
364 1146 592 1200 Descriptio
619 1147 794 1199 partialis
821 1147 1002 1187 usitatior
1027 1147 1402 1198 altera-genericos,
1433 1146 1490 1185 al-

47 1222 131 1252 tera
158 1212 365 1271 specificos
397 1214 565 1254 delineat
592 1215 802 1255 caracieres
825 1215 963 1255 eodem
987 1214 1146 1263 ordine,
1172 1226 1274 1252 nunc
1296 1213 1490 1265 prolixior

48 1278 90 1318 in
121 1279 447 1320 dissertationibus
471 1281 510 1320 &
537 1282 829 1334 phytographia
858 1281 1039 1335 partiali,
1067 1294 1170 1320 nunc
1206 1281 1245 1319 in
1277 1280 1488 1320 universali

48 1346 287 1386 contraffior
305 1347 494 1387 diffimilia
520 1348 671 1388 tantum
698 1347 901 1400 proferens
926 1349 1030 1400 signa
1054 1348 1251 1399 praecipua
1268 1378 1279 1395 ‚
1300 1348 1426 1400 qualis
1448 1348 1488 1387 in

47 1403 252 1466 nuperiori
282 1413 494 1469 Linnaeano
527 1415 735 1467 systemate
761 1415 926 1454 habetur
949 1427 1136 1467 generum
1167 1413 1416 1452 adumbratio
1447 1413 1490 1452 &

47 1481 303 1534 descriptoria
331 1482 476 1534 phrasis
497 1483 682 1535 specifico
707 1483 856 1522 nomini
883 1482 1039 1533 adjeaa.
1063 1481 1129 1521 Eae
1155 1490 1285 1520 autem
1306 1493 1490 1533 compen-

47 1548 170 1595 diosae
185 1549 468 1589 Botanicorum
490 1549 770 1603 descriptiones
788 1549 889 1603 saepe
913 1559 1077 1602 peccant
1093 1562 1223 1601 pravo
1244 1548 1485 1588 caraaerum

48 1615 219 1665 dele&u‚
248 1616 503 1656 essentialium
529 1617 734 1657 omiffione
750 1647 761 1665 ‚
790 1615 1117 1668 comparabilium
1143 1614 1290 1654 defectu
1306 1644 1320 1659 ,
1346 1614 1491 1654 indica-

47 1681 157 1721 tione
184 1695 262 1722 non
292 1683 523 1733 sufficienti,
552 1697 648 1737 quas
667 1684 786 1735 igitur
804 1683 947 1723 iterum
977 1694 1094 1734 atque
1117 1680 1260 1721 iterum
1287 1681 1492 1721 reconcin-

48 1761 144 1788 nare
173 1761 273 1802 opus
301 1751 365 1790 est.
391 1751 465 1790 His
495 1751 733 1803 subjicienda
763 1750 848 1790 sunt
874 1763 956 1789 non
983 1749 1060 1788 sine
1090 1750 1360 1789 emolumento
1379 1748 1494 1801 syno-

49 1832 158 1869 nyma
173 1818 237 1857 seu
253 1817 405 1857 diversa
427 1807 586 1859 nomina
607 1819 655 1862 ab
671 1818 892 1858 Autoribus
908 1816 1106 1870 praecipue
1121 1815 1317 1868 primariis
1333 1810 1350 1837 d
1365 1814 1494 1853 eidem

96 2003 115 2021 ‘⁸
138 2000 305 2038 Nomina
331 2002 572 2046 comparativa
596 2000 666 2038 alia
689 1999 863 2047 syllabam
882 2000 1099 2045 praemittunt
1128 2028 1141 2041 ,
1178 2009 1218 2034 ut
1244 1995 1484 2046 Linagrofiis,

49 2062 420 2114 Pseudodidamnus‚
452 2062 727 2113 Chamaecerasus
756 2060 821 2100 ἃς.
841 2094 852 2109 ,
886 2063 955 2100 alia
985 2060 1149 2099 eamdem
1176 2059 1393 2108 postponunt
1411 2090 1422 2106 ‚
1452 2069 1490 2096 ut

50 2126 253 2176 Astero'ides
282 2157 293 2173 ,
336 2125 612 2178 Plantaginella
637 2156 651 2171 ,
687 2127 888 2178 Myrtillus
912 2156 925 2173 ,
966 2124 1153 2162 Salicaria
1175 2154 1190 2169 ,
1230 2123 1466 2174 Alsitzastrum

51 2191 215 2242 Juncago
240 2189 305 2229 &a

106 2249 122 2275 ⁶
144 2257 195 2293 Ut
221 2256 385 2294 Fumaria
411 2254 602 2304 vesicaria‚
627 2255 793 2292 Fumaria
821 2253 963 2304 bulbos&
980 2285 990 2300 ,
1023 2252 1154 2300 Pyrola
1181 2251 1377 2289 umbellam
1395 2254 1494 2298 ,Py-

47 2318 126 2357 rola
147 2319 326 2371 uniflora,
355 2318 545 2357 Hordeum
576 2317 784 2367 distichum,
812 2318 1001 2355 Hordeum
1037 2315 1290 2363 hexasticham.

99 2389 111 2406 ⁶
134 2386 186 2421 Ut
207 2385 388 2424 Veronica
412 2381 569 2432 arvenfis
585 2409 598 2429 ‚
633 2384 830 2430 Eryngium
853 2382 1069 2418 maritimum
1083 2412 1093 2427 ‚
1112 2382 1247 2418 Circaea
1264 2380 1462 2418 Lutetiam
1480 2411 1492 2427 ,

53 2450 250 2486 Leuco'i'um
276 2462 422 2486 vernum
443 2477 453 2492 ‚
483 2450 546 2484 Iva
576 2461 724 2492 annua,
755 2448 914 2484 Lamium
945 2446 1064 2482 album
1095 2476 1105 2491 ‚
1135 2443 1285 2482 Mentha
1312 2445 1490 2492 piperita,

52 2512 158 2549 Viola
187 2513 370 2556 odorata,
412 2508 579 2548 Anchusa
612 2509 828 2560 officinalis,
872 2512 1030 2547 Sature'ia
1066 2506 1265 2557 hortenfis,
1295 2510 1490 2555 Myagrum

45 2574 229 2624 fheivum,
259 2574 443 2614 Pastinaca
469 2574 642 2612 oleracea.

48 2626 58 2634 „
101 2637 117 2665 ‘³'
147 2640 224 2690 Qui
251 2641 285 2677 in
306 2642 483 2679 Autorum
508 2639 708 2686 prolatione
725 2641 920 2693 praecipuos
937 2650 998 2676 aut
1015 2637 1117 2676 utiles
1134 2635 1312 2685 quossibet
1330 2632 1493 2673 conscius

1484 2160 1497 2176 2
